symbol,time,price,volume,sellqty,buyqty
CCCL,2020-06-29 09:07:51,0.3,600,0,62400
HUDCO,2020-06-29 09:07:51,33.45,632582,0,3567722
SPYL,2020-06-29 09:07:50,0.35,6000,143181,40156
GEEKAYWIRE,2020-06-29 09:07:51,79.7,5,141,3755
REFEX,2020-06-29 09:07:55,61.85,0,0,136757
SIYSIL,2020-06-29 09:07:54,144.0,10524,11067,15413
BHARATRAS,2020-06-29 09:07:49,7698.0,361,898,2494
UVSL,2020-06-29 09:07:55,0.6,0,0,124652083
ONWARDTEC,2020-06-29 09:07:54,58.0,0,1376,14468
DYNPRO,2020-06-29 09:07:52,150.0,5547,20299,30942
ELGIRUBCO,2020-06-29 09:07:52,23.0,35637,10471,59953
PEARLPOLY,2020-06-29 09:07:49,17.4,50,19431,1259
XPROINDIA,2020-06-29 09:07:53,33.45,1313,5686,3956
HAVISHA,2020-06-29 09:07:49,0.7,4,0,399307
FCSSOFT,2020-06-29 09:07:50,0.7,363738,0,3771514
ALMONDZ,2020-06-29 09:07:51,13.15,40,2479,2830
AVANTIFEED,2020-06-29 09:07:50,506.0,28582,44135,56948
KGL,2020-06-29 09:07:52,0.75,570477,1086397,994242
GOLDTECH,2020-06-29 09:07:50,9.15,525,10233,7829
MADHAV,2020-06-29 09:07:52,26.6,150,1100,2360
KSK,2020-06-29 09:07:52,0.8,212549,1788299,2508428
GSS,2020-06-29 09:07:51,28.0,501,20189,5481
KAMATHOTEL,2020-06-29 09:07:54,28.25,4105,43299,37658
ELECON,2020-06-29 09:07:50,28.0,11305,47681,34278
MENONBE,2020-06-29 09:07:50,42.95,12628,75573,53178
GINNIFILA,2020-06-29 09:07:52,16.6,94762,49292,35744
PREMIERPOL,2020-06-29 09:07:49,27.0,445,10798,13225
ABAN,2020-06-29 09:07:53,29.2,12053,22889,34380
RPPINFRA,2020-06-29 09:07:50,71.9,200,3095,2556
WSTCSTPAPR,2020-06-29 09:07:52,190.0,20359,38417,89217
TRIL,2020-06-29 09:07:55,14.7,48424,120372,69755
DELTAMAGNT,2020-06-29 09:07:54,28.6,2806,2244,8484
EVEREADY,2020-06-29 09:07:50,82.5,4321,60617,12040
WHEELS,2020-06-29 09:07:50,455.0,0,11963,28905
SPENTEX,2020-06-29 09:07:54,0.95,500,0,173869
CAMLINFINE,2020-06-29 09:07:50,56.4,82884,275725,69935
CEBBCO,2020-06-29 09:07:52,13.9,1101,4889,2050
VIJIFIN,2020-06-29 09:07:55,1.0,0,0,185235
GAMMNINFRA,2020-06-29 09:07:51,1.0,304082,0,6923279
UNITY,2020-06-29 09:07:52,1.0,1500,0,70165
STEL,2020-06-29 09:07:50,62.0,150,8710,5350
ANDHRAPAP,2020-06-29 09:07:52,223.3,126271,433117,352578
GENESYS,2020-06-29 09:07:50,46.2,11297,0,19153
NITINFIRE,2020-06-29 09:07:51,1.05,600,0,144506
SUMEETINDS,2020-06-29 09:07:50,2.1,11000,0,465742
PUNJLLOYD,2020-06-29 09:07:51,2.1,1060,0,1209403
DIAPOWER,2020-06-29 09:07:49,1.05,10,0,27130
ARSSINFRA,2020-06-29 09:07:52,15.75,735,0,7715
A2ZINFRA,2020-06-29 09:07:52,6.3,5255,0,295216
JETAIRWAYS,2020-06-29 09:07:51,29.4,16552,9627,4031
JASH,2020-06-29 09:07:52,166.95,925,1191,1610
TREJHARA,2020-06-29 09:07:53,9.45,5542,0,9608
KARDA,2020-06-29 09:07:54,265.65,0,0,11287
FMNL,2020-06-29 09:07:51,32.55,17630,0,12451
QUESS,2020-06-29 09:07:53,396.25,103416,55114,17069
BIL,2020-06-29 09:07:50,146.1,12,0,4432
SWSOLAR,2020-06-29 09:07:54,209.2,54676,0,170114
MASKINVEST,2020-06-29 09:07:53,31.55,18,0,1268
WELINV,2020-06-29 09:07:50,219.9,29,131,106
JAGSNPHARM,2020-06-29 09:07:49,45.25,22565,0,102384
PREMEXPLN,2020-06-29 09:07:52,121.05,1962,0,3533
FRETAIL,2020-06-29 09:07:51,149.5,902014,441296,230933
CORALFINAC,2020-06-29 09:07:49,34.75,15334,0,89025
RUCHIRA,2020-06-29 09:07:54,69.55,12951,3425,9043
BRIGHT,2020-06-29 09:07:49,13.7,6000,0,3000
SHARDACROP,2020-06-29 09:07:52,250.85,1560,0,68509
SEYAIND,2020-06-29 09:07:53,115.95,1495,0,162148
PRAXIS,2020-06-29 09:07:54,37.95,137,0,5139
RELINFRA,2020-06-29 09:07:51,36.9,34696,0,7086493
FSC,2020-06-29 09:07:52,178.2,22822,8999,5999
BALKRISHNA,2020-06-29 09:07:50,20.05,600,0,1609
FLFL,2020-06-29 09:07:52,157.25,18104,12150,13851
CINEVISTA,2020-06-29 09:07:50,7.4,350,10660,1000
HINDMOTORS,2020-06-29 09:07:52,7.4,10064,0,60386
IBVENTURES,2020-06-29 09:07:51,116.3,8942,0,1694837
IOB,2020-06-29 09:07:49,13.75,703499,0,1853847
KOHINOOR,2020-06-29 09:07:53,13.75,1,0,16509
IBULISL,2020-06-29 09:07:52,59.25,2947,0,99024
MTEDUCARE,2020-06-29 09:07:54,18.0,1280,0,65398
AXISCADES,2020-06-29 09:07:50,48.75,802,0,530496
FELDVR,2020-06-29 09:07:51,19.1,1300,0,95628
SORILINFRA,2020-06-29 09:07:54,74.3,837,0,55414
MINDTECK,2020-06-29 09:07:53,27.6,4063,0,7430
COFFEEDAY,2020-06-29 09:07:51,18.05,112951,0,1508486
ENERGYDEV,2020-06-29 09:07:51,7.45,355,1132,11466
RENUKA,2020-06-29 09:07:54,10.65,100596,0,571245
SHRENIK,2020-06-29 09:07:53,38.35,249,201,100
RUCHINFRA,2020-06-29 09:07:53,22.4,14061,0,3002634
SUVEN,2020-06-29 09:07:53,47.0,91392,0,62606
BIRLATYRE,2020-06-29 09:07:52,43.8,10382,0,901486
FCONSUMER,2020-06-29 09:07:52,19.25,811123,0,3654613
LAKSHVILAS,2020-06-29 09:07:54,24.6,37863,0,1701320
ALOKINDS,2020-06-29 09:07:52,48.2,22996,0,12825721
RSSOFTWARE,2020-06-29 09:07:53,18.25,1145,0,6234
JHS,2020-06-29 09:07:52,18.25,11062,0,155642
IL&FSENGG,2020-06-29 09:07:49,4.3,1220,0,18780
MAGNUM,2020-06-29 09:07:52,4.3,100,0,133829
IMAGICAA,2020-06-29 09:07:50,6.45,10,0,171960
ANDHRACEMT,2020-06-29 09:07:52,9.7,14183,0,402475
EON,2020-06-29 09:07:51,7.55,3,0,7507
ANIKINDS,2020-06-29 09:07:51,12.95,505,0,21416
BPL,2020-06-29 09:07:53,25.9,30322,0,41828
MAGMA,2020-06-29 09:07:51,31.3,138161,0,174915
OPTOCIRCUI,2020-06-29 09:07:51,16.2,39482,0,561328
AGROPHOS,2020-06-29 09:07:50,16.2,20339,42278,6319
RELCAPITAL,2020-06-29 09:07:52,11.9,14700,0,4525042
KOTHARIPET,2020-06-29 09:07:50,19.5,5414,0,14273
VIPCLOTHNG,2020-06-29 09:07:55,9.75,11200,684,11489
FEL,2020-06-29 09:07:50,17.35,19422,0,771835
EDELWEISS,2020-06-29 09:07:51,59.75,330120,423596,64041
TECHNOFAB,2020-06-29 09:07:50,11.95,251,0,14618
HILTON,2020-06-29 09:07:51,13.05,3884,0,7021
UTTAMSTL,2020-06-29 09:07:52,8.7,315,0,410493
ZEEMEDIA,2020-06-29 09:07:54,6.55,56537,0,295889
JITFINFRA,2020-06-29 09:07:53,7.7,100,0,11236
SCAPDVR,2020-06-29 09:07:51,1.1,1100,0,492220
VIDEOIND,2020-06-29 09:07:52,2.2,1700,0,1416923
PALREDTEC,2020-06-29 09:07:52,17.6,25,0,80
UNITECH,2020-06-29 09:07:53,2.2,111490,0,763960
DIGJAMLTD,2020-06-29 09:07:51,3.3,1000,0,682745
PARSVNATH,2020-06-29 09:07:52,3.3,30150,0,86098
VISASTEEL,2020-06-29 09:07:54,6.6,1310,0,15553
JISLJALEQS,2020-06-29 09:07:51,12.1,205484,0,446088
MOHOTAIND,2020-06-29 09:07:51,15.5,115,0,746
ARENTERP,2020-06-29 09:07:53,12.2,165,62,0
KRIDHANINF,2020-06-29 09:07:51,5.55,3653,0,17997
FLEXITUFF,2020-06-29 09:07:52,10.0,181,0,86184
EDUCOMP,2020-06-29 09:07:52,4.45,2077,17505,13892
JISLDVREQS,2020-06-29 09:07:54,12.3,1634,0,32760
ADHUNIKIND,2020-06-29 09:07:52,28.0,12427,1500,4860
KECL,2020-06-29 09:07:53,13.45,2040,0,129638
INDORAMA,2020-06-29 09:07:50,17.95,1000,1400,1369
GUJRAFFIA,2020-06-29 09:07:50,13.5,60,144,0
HCC,2020-06-29 09:07:52,6.75,298313,1380407,276058
GARDENSILK,2020-06-29 09:07:53,13.5,0,0,44516
BINDALAGRO,2020-06-29 09:07:53,15.75,2065,1004,1923
MUKTAARTS,2020-06-29 09:07:50,25.9,10,1279,275
SREINFRA,2020-06-29 09:07:52,9.05,60279,0,778769
UJAAS,2020-06-29 09:07:51,9.05,21894,0,932589
TCIFINANCE,2020-06-29 09:07:52,7.95,50,0,14360
SHIRPUR-G,2020-06-29 09:07:53,7.95,400,0,23941
HCL-INSYS,2020-06-29 09:07:53,10.25,0,6101,50708
TMRVL,2020-06-29 09:07:50,10.25,950,1451,4396
GTNIND,2020-06-29 09:07:52,11.4,235,0,5310
HLVLTD,2020-06-29 09:07:52,5.7,1008,26771,32010
ROLTA,2020-06-29 09:07:51,6.9,10425,0,258773
VICEROY,2020-06-29 09:07:55,3.45,13318,0,36292
OSWALAGRO,2020-06-29 09:07:54,16.1,0,42507,32701
RHFL,2020-06-29 09:07:50,2.3,78,0,3722746
MOLDTKPAC,2020-06-29 09:07:50,214.6,2001,16965,21927
ATLANTA,2020-06-29 09:07:51,9.3,2211,0,3490
CGPOWER,2020-06-29 09:07:53,8.15,182452,0,2494216
MANPASAND,2020-06-29 09:07:51,5.85,2220,0,46649
KWALITY,2020-06-29 09:07:53,4.7,5667,0,762105
MEGASOFT,2020-06-29 09:07:52,8.25,901,0,56167
TREEHOUSE,2020-06-29 09:07:50,4.8,9400,0,6751
RTNPOWER,2020-06-29 09:07:55,2.4,0,0,3588545
RMCL,2020-06-29 09:07:55,4.8,708,1042,5750
JVLAGRO,2020-06-29 09:07:53,1.2,275,0,522444
CKFSL,2020-06-29 09:07:52,1.2,119,0,174063
GTLINFRA,2020-06-29 09:07:50,1.2,961845,0,28975989
JMTAUTOLTD,2020-06-29 09:07:52,6.0,6534,0,740919
RTNINFRA,2020-06-29 09:07:51,3.6,10000,0,257409
HEXATRADEX,2020-06-29 09:07:52,16.8,14970,1100,9730
SMSLIFE,2020-06-29 09:07:50,332.85,50,2984,1595
DECCANCE,2020-06-29 09:07:51,282.0,53,6796,7491
KIOCL,2020-06-29 09:07:53,117.0,500,3898,1031
EDL,2020-06-29 09:07:49,7.25,70,1930,594
VASWANI,2020-06-29 09:07:51,6.05,225,0,9697
SUZLON,2020-06-29 09:07:54,4.85,2147390,0,1792432
GAL,2020-06-29 09:07:51,3.65,12897,2610,5202
SANWARIA,2020-06-29 09:07:54,3.65,22860,0,1056200
KAPSTON,2020-06-29 09:07:53,100.0,30,80,25
BLKASHYAP,2020-06-29 09:07:51,6.1,3815,185,23351
DGCONTENT,2020-06-29 09:07:50,6.1,770,0,9669
RESPONIND,2020-06-29 09:07:50,80.7,200,4982,2526
INDOWIND,2020-06-29 09:07:51,3.7,1999,33111,16858
JINDRILL,2020-06-29 09:07:52,77.9,5,344,235
ALPA,2020-06-29 09:07:51,24.95,430,7188,5444
REPCOHOME,2020-06-29 09:07:51,139.8,28827,26848,37289
JPASSOCIAT,2020-06-29 09:07:51,2.5,21180,0,13528975
RNAVAL,2020-06-29 09:07:55,2.5,0,0,12282765
SHYAMCENT,2020-06-29 09:07:53,3.75,100,0,60151
CENTRUM,2020-06-29 09:07:54,20.2,0,9342,8810
MIRCELECTR,2020-06-29 09:07:50,8.85,28290,112614,37112
SETCO,2020-06-29 09:07:55,11.45,0,7543,3060
ISMTLTD,2020-06-29 09:07:51,5.1,12000,4359,2805
MANUGRAPH,2020-06-29 09:07:51,10.3,1000,5001,510
MOLDTECH,2020-06-29 09:07:52,38.9,211,5307,4931
3IINFOTECH,2020-06-29 09:07:51,2.6,299456,498061,2252907
SINTEX,2020-06-29 09:07:53,2.6,7554,0,10744339
SETUINFRA,2020-06-29 09:07:53,1.3,14107,0,80326
OISL,2020-06-29 09:07:52,3.9,5000,0,7910
IZMO,2020-06-29 09:07:51,22.25,150,6259,605
PNC,2020-06-29 09:07:50,15.8,10,6688,6151
DSSL,2020-06-29 09:07:53,26.9,22,1626,1700
TCNSBRANDS,2020-06-29 09:07:52,360.0,309,99,1756
LSIL,2020-06-29 09:07:53,1.35,125799,0,5371197
RPOWER,2020-06-29 09:07:55,4.05,50094,0,29389803
URJA,2020-06-29 09:07:50,4.05,3051,0,2071487
PANAMAPET,2020-06-29 09:07:53,46.5,50,1918,1522
SUNFLAG,2020-06-29 09:07:52,39.8,6227,66310,64803
ITC,2020-06-29 09:07:50,202.5,0,1252137,2243278
TAJGVK,2020-06-29 09:07:53,164.4,1495,14213,15767
NILASPACES,2020-06-29 09:07:50,1.4,20450,0,1146814
BALLARPUR,2020-06-29 09:07:51,1.4,103227,0,6386288
JAYSREETEA,2020-06-29 09:07:54,47.0,2000,7224,8973
IDBI,2020-06-29 09:07:52,41.45,781381,609658,400417
LOKESHMACH,2020-06-29 09:07:51,23.15,1307,12984,14847
BKMINDST,2020-06-29 09:07:50,1.45,5,0,62365
MERCATOR,2020-06-29 09:07:51,1.45,342219,0,1273512
HDIL,2020-06-29 09:07:51,2.9,435,0,3293406
SPTL,2020-06-29 09:07:50,2.9,8605,0,9278785
SYNCOM,2020-06-29 09:07:55,2.9,0,0,443525
HINDCOMPOS,2020-06-29 09:07:52,169.9,1,587,2284
ROHLTD,2020-06-29 09:07:54,55.4,3052,28294,31979
AMDIND,2020-06-29 09:07:51,17.5,272,10096,5031
JUMPNET,2020-06-29 09:07:51,61.4,662,18857,3638
KARMAENG,2020-06-29 09:07:53,11.7,250,550,189
RANASUG,2020-06-29 09:07:54,4.4,88,51318,30775
KELLTONTEC,2020-06-29 09:07:51,16.3,11,14249,3509
IL&FSTRANS,2020-06-29 09:07:49,1.5,39295,0,213622
RCOM,2020-06-29 09:07:54,1.5,60863,0,111542790
TALWALKARS,2020-06-29 09:07:55,3.0,0,0,334326
ROHITFERRO,2020-06-29 09:07:54,1.5,771,0,81039
ASPINWALL,2020-06-29 09:07:51,118.7,158,343,1609
ANUP,2020-06-29 09:07:50,397.95,700,1761,1734
IFBAGRO,2020-06-29 09:07:52,329.95,1141,1260,1693
EIHAHOTELS,2020-06-29 09:07:51,246.2,448,4722,10107
ANDHRSUGAR,2020-06-29 09:07:53,271.9,1404,19815,6139
EBIXFOREX,2020-06-29 09:07:50,464.0,167,501,375
GOENKA,2020-06-29 09:07:53,1.55,0,0,1351706
AGCNET,2020-06-29 09:07:54,305.0,0,194,651
NILAINFRA,2020-06-29 09:07:50,4.8,1600,118418,166754
SKIL,2020-06-29 09:07:55,4.8,100,37934,13250
STEELCITY,2020-06-29 09:07:53,30.45,5,2321,6217
NRAIL,2020-06-29 09:07:53,213.95,2,3403,3774
INTELLECT,2020-06-29 09:07:53,112.7,0,18459,16201
DUCON,2020-06-29 09:07:53,4.85,808,25219,12620
LGBFORGE,2020-06-29 09:07:52,3.25,1201,29773,15534
ALPSINDUS,2020-06-29 09:07:50,1.65,4190,0,17630
COUNCODOS,2020-06-29 09:07:51,1.65,6593,12168,24590
ONEPOINT,2020-06-29 09:07:50,13.25,750,4103,3850
ADVANIHOTR,2020-06-29 09:07:51,45.8,125,2084,4017
EIHOTEL,2020-06-29 09:07:52,67.9,26312,52080,98093
BHANDARI,2020-06-29 09:07:52,1.7,15250,0,278241
TRIDENT,2020-06-29 09:07:53,6.95,250613,1003574,700834
OLECTRA,2020-06-29 09:07:51,74.95,7192,10083,13374
NBVENTURES,2020-06-29 09:07:49,59.5,93370,215396,170877
COX&KINGS,2020-06-29 09:07:51,1.75,43180,0,2441843
NITINSPIN,2020-06-29 09:07:51,46.15,1105,5434,6365
JPINFRATEC,2020-06-29 09:07:53,1.8,100,0,3992875
MAGADSUGAR,2020-06-29 09:07:53,138.85,25,1161,1580
INDOTHAI,2020-06-29 09:07:52,19.9,250,1964,2485
SWELECTES,2020-06-29 09:07:54,115.85,434,1504,4706
ASTRON,2020-06-29 09:07:53,39.85,1106,41424,6604
OAL,2020-06-29 09:07:51,182.0,50,2976,1441
BORORENEW,2020-06-29 09:07:54,145.9,0,122426,30036
TALWGYM,2020-06-29 09:07:55,1.85,0,0,197727
SHREEPUSHK,2020-06-29 09:07:53,95.0,1793,4243,4615
PRAKASHSTL,2020-06-29 09:07:53,1.9,78730,0,725136
JPPOWER,2020-06-29 09:07:51,1.9,4729,0,21398665
IIFLWAM,2020-06-29 09:07:50,1040.0,500,1702,3290
JSWHL,2020-06-29 09:07:51,2024.0,2,281,535
SABTN,2020-06-29 09:07:55,1.95,50,0,7787
LAXMIMACH,2020-06-29 09:07:54,2949.0,78,2315,949
MBECL,2020-06-29 09:07:52,5.9,101,8893,4370
ZENITHEXPO,2020-06-29 09:07:52,37.45,10,289,1251
KAMDHENU,2020-06-29 09:07:51,77.0,21,4957,3397
GALAXYSURF,2020-06-29 09:07:52,1469.5,311,1898,3509
HITECHGEAR,2020-06-29 09:07:53,126.9,1001,1920,950
SIMBHALS,2020-06-29 09:07:54,7.95,10,391,300
SITINET,2020-06-29 09:07:54,2.0,5990,0,413818
NAGAFERT,2020-06-29 09:07:52,6.2,2152,4152,12935
NILKAMAL,2020-06-29 09:07:54,1174.0,0,3965,3525
INSECTICID,2020-06-29 09:07:51,477.0,1424,13839,7944
CESCVENT,2020-06-29 09:07:50,176.0,5430,5111,17180
MAHINDCIE,2020-06-29 09:07:52,119.0,1150,22915,12235
GREENPANEL,2020-06-29 09:07:50,40.4,2000,8882,6256
VISHWARAJ,2020-06-29 09:07:54,79.4,10,3419,8531
NDTV,2020-06-29 09:07:51,38.65,300,2545,1132
AURIONPRO,2020-06-29 09:07:51,59.6,1,2485,3464
ASTRAZEN,2020-06-29 09:07:50,3425.0,970,6924,3849
HFCL,2020-06-29 09:07:52,15.6,155062,354365,419684
TAKE,2020-06-29 09:07:55,52.4,1602,15279,25660
EMAMIREAL,2020-06-29 09:07:51,38.75,4,976,2571
GRAVITA,2020-06-29 09:07:51,45.6,603,19881,12632
EROSMEDIA,2020-06-29 09:07:51,18.25,5300,172680,10559
DEN,2020-06-29 09:07:52,79.9,1992,18245,15712
RSWM,2020-06-29 09:07:51,84.9,60,3703,4145
PENINLAND,2020-06-29 09:07:54,4.65,2300,12080,44924
ICRA,2020-06-29 09:07:51,2650.0,7,286,393
20MICRONS,2020-06-29 09:07:51,33.0,859,14936,12412
MBLINFRA,2020-06-29 09:07:53,7.1,3500,2092,8701
PATINTLOG,2020-06-29 09:07:52,21.95,100,5088,5100
GAEL,2020-06-29 09:07:49,138.0,7190,22165,24406
OIL,2020-06-29 09:07:52,96.4,25750,143717,192857
KOTARISUG,2020-06-29 09:07:51,14.85,1000,9254,20670
SHIVAMAUTO,2020-06-29 09:07:54,17.5,710,21867,8102
SAKUMA,2020-06-29 09:07:54,7.6,14163,11388,24023
SUVENPHAR,2020-06-29 09:07:55,494.9,0,17017,17943
HGINFRA,2020-06-29 09:07:52,205.4,406,8668,15776
PNCINFRA,2020-06-29 09:07:49,142.0,5674,25536,17791
TRITURBINE,2020-06-29 09:07:51,73.6,235,10426,10172
IDEA,2020-06-29 09:07:50,10.6,4301369,15041365,20537780
DYNAMATECH,2020-06-29 09:07:49,639.95,10,115,560
ORIENTBELL,2020-06-29 09:07:52,87.65,1000,19166,7265
VESUVIUS,2020-06-29 09:07:52,930.0,170,478,4447
DBREALTY,2020-06-29 09:07:52,8.0,1710,86959,18658
HONDAPOWER,2020-06-29 09:07:53,1014.95,20,555,3728
DHFL,2020-06-29 09:07:53,16.35,18437,165959,54364
HIL,2020-06-29 09:07:52,1228.0,152,3006,3299
LEMONTREE,2020-06-29 09:07:49,24.95,16447,121804,84015
BHARATGEAR,2020-06-29 09:07:53,44.4,617,1977,5591
CINELINE,2020-06-29 09:07:53,25.0,37,3583,18342
AUTOIND,2020-06-29 09:07:51,20.0,220,500,1126
JMCPROJECT,2020-06-29 09:07:49,54.35,506,41872,25565
NECCLTD,2020-06-29 09:07:51,11.45,8770,25580,165508
JMA,2020-06-29 09:07:50,22.9,200,4651,3894
BDL,2020-06-29 09:07:54,296.0,0,23040,16835
GLENMARK,2020-06-29 09:07:50,474.9,118666,386777,214202
CORDSCABLE,2020-06-29 09:07:51,37.8,50,3453,10737
GULFOILLUB,2020-06-29 09:07:53,624.9,81,1382,2816
SWANENERGY,2020-06-29 09:07:51,131.9,50,5793,1545
MAHESHWARI,2020-06-29 09:07:50,177.8,646,8027,30658
WELENT,2020-06-29 09:07:54,65.5,930,27189,17152
SHEMAROO,2020-06-29 09:07:52,65.6,115,10799,28369
SUPPETRO,2020-06-29 09:07:52,173.5,1,17114,5665
FINCABLES,2020-06-29 09:07:52,303.4,1230,9748,7737
RKDL,2020-06-29 09:07:50,9.05,10,16924,1500
SOLARA,2020-06-29 09:07:52,648.0,664,11385,8296
PROZONINTU,2020-06-29 09:07:54,21.4,1105,9849,26111
NITCO,2020-06-29 09:07:51,18.4,5336,8764,14767
SPIC,2020-06-29 09:07:52,21.5,758,85310,64268
FCL,2020-06-29 09:07:53,27.7,0,36656,20120
AVTNPL,2020-06-29 09:07:51,40.5,1211,61134,173428
RATNAMANI,2020-06-29 09:07:54,1060.0,329,1661,7179
UNIPLY,2020-06-29 09:07:54,6.3,1542,35670,65918
GPPL,2020-06-29 09:07:51,79.8,1925,47928,37294
JINDWORLD,2020-06-29 09:07:53,45.25,340,5992,245
INDOSTAR,2020-06-29 09:07:53,285.0,107,1448,652
VIDHIING,2020-06-29 09:07:54,74.9,80,10872,9714
IEX,2020-06-29 09:07:52,189.0,1754,33023,49033
CLEDUCATE,2020-06-29 09:07:52,45.8,26,2932,5420
GVKPIL,2020-06-29 09:07:50,3.3,101736,1454924,1465133
MANALIPETC,2020-06-29 09:07:52,19.85,1252,49067,12374
PGIL,2020-06-29 09:07:52,107.5,10,4114,7262
SKFINDIA,2020-06-29 09:07:52,1658.0,63,4281,9646
HTMEDIA,2020-06-29 09:07:50,14.15,1455,14419,6524
MONTECARLO,2020-06-29 09:07:50,166.45,430,6490,37224
DENORA,2020-06-29 09:07:49,230.0,167,495,901
ASAHIINDIA,2020-06-29 09:07:50,185.95,379,7819,4257
HUBTOWN,2020-06-29 09:07:51,11.0,10,14415,5408
MAYURUNIQ,2020-06-29 09:07:54,180.8,292,6343,4130
TEAMLEASE,2020-06-29 09:07:54,1726.0,2,2143,1619
INDSWFTLAB,2020-06-29 09:07:53,34.0,0,8086,3222
RITES,2020-06-29 09:07:52,242.0,5429,78292,21688
BIRLACABLE,2020-06-29 09:07:53,53.0,50,15407,16471
CAPLIPOINT,2020-06-29 09:07:49,318.4,1883,28983,20654
RANEHOLDIN,2020-06-29 09:07:51,460.0,3,6216,3025
APOLLO,2020-06-29 09:07:53,111.25,4001,19239,8752
NFL,2020-06-29 09:07:52,30.8,23576,120037,113289
GARFIBRES,2020-06-29 09:07:52,1418.9,1,1530,5575
ASIANTILES,2020-06-29 09:07:51,219.0,11,43131,4270
GULPOLY,2020-06-29 09:07:53,35.5,0,1200,3691
TATAMETALI,2020-06-29 09:07:52,502.0,51,3347,3864
CUPID,2020-06-29 09:07:52,198.25,192,17127,4924
LINCPEN,2020-06-29 09:07:50,161.9,10,1229,9480
GOACARBON,2020-06-29 09:07:51,223.0,1,6733,1683
PERSISTENT,2020-06-29 09:07:53,634.9,274,29280,3908
TEXMOPIPES,2020-06-29 09:07:55,16.6,0,25095,8375
GANESHHOUC,2020-06-29 09:07:51,33.5,67,10091,562
TTML,2020-06-29 09:07:53,4.25,10006,248556,651119
PILANIINVS,2020-06-29 09:07:51,1419.95,1,433,1215
ATUL,2020-06-29 09:07:53,4539.0,19,1378,1576
SPLIL,2020-06-29 09:07:54,30.0,330,22830,13002
GOKEX,2020-06-29 09:07:50,38.7,1581,61850,26069
NACLIND,2020-06-29 09:07:53,38.95,10,31111,13608
DCW,2020-06-29 09:07:53,13.0,1041,70504,65937
SURANAT&P,2020-06-29 09:07:53,4.4,200,29925,3794
GALLANTT,2020-06-29 09:07:50,35.3,2050,10460,9314
SHREDIGCEM,2020-06-29 09:07:51,54.05,28577,302158,109623
SUBEX,2020-06-29 09:07:54,9.05,4656,163824,131207
ARCHIES,2020-06-29 09:07:50,13.6,50,5440,3103
ECLERX,2020-06-29 09:07:51,450.0,55,8598,18872
HCG,2020-06-29 09:07:51,123.35,530,19756,52471
ERIS,2020-06-29 09:07:51,472.8,359,35311,7308
HIKAL,2020-06-29 09:07:50,129.05,5052,89407,49266
NEOGEN,2020-06-29 09:07:50,494.9,67,1222,1323
GUJGASLTD,2020-06-29 09:07:50,310.25,2924,46851,58364
TCI,2020-06-29 09:07:53,171.45,537,8980,5961
FINPIPE,2020-06-29 09:07:52,526.0,643,8950,7067
APCL,2020-06-29 09:07:52,135.0,40,875,4762
RELIGARE,2020-06-29 09:07:55,43.45,727,50350,16881
IFBIND,2020-06-29 09:07:52,425.0,2116,10812,5357
DHANUKA,2020-06-29 09:07:53,709.15,189,19966,6347
MPHASIS,2020-06-29 09:07:50,902.0,591,8464,8288
TATACOMM,2020-06-29 09:07:49,595.5,83,3113,1581
TANLA,2020-06-29 09:07:54,70.25,1030,19537,9164
CHAMBLFERT,2020-06-29 09:07:53,145.8,3386,105566,44430
HNDFDS,2020-06-29 09:07:50,565.55,2101,7604,2969
VIKASMCORP,2020-06-29 09:07:53,5.15,2200,64831,2519770
CESC,2020-06-29 09:07:53,613.0,716,11012,6106
GENUSPAPER,2020-06-29 09:07:53,5.2,0,61316,62750
PHOENIXLTD,2020-06-29 09:07:52,606.0,229,1930,3773
PRINCEPIPE,2020-06-29 09:07:52,116.8,10290,52575,9819
AGARIND,2020-06-29 09:07:54,70.0,0,7668,1821
BCP,2020-06-29 09:07:50,5.45,4561,48729,60230
JUBILANT,2020-06-29 09:07:49,660.7,326,31508,4652
HBLPOWER,2020-06-29 09:07:51,16.65,4222,106188,52624
GSFC,2020-06-29 09:07:52,55.75,6144,101406,74927
GOKUL,2020-06-29 09:07:51,16.8,201,6708,6328
MARICO,2020-06-29 09:07:49,347.5,9985,57898,22739
SJVN,2020-06-29 09:07:50,22.5,31559,1363541,333316
BALAMINES,2020-06-29 09:07:50,530.0,0,35477,17169
SIGIND,2020-06-29 09:07:52,22.6,146,3195,4467
FLUOROCHEM,2020-06-29 09:07:50,379.0,8,3775,887
METROPOLIS,2020-06-29 09:07:50,1418.7,47,6777,3093
SIS,2020-06-29 09:07:50,395.0,229,5173,6359
WELCORP,2020-06-29 09:07:54,83.95,5239,79605,28057
FDC,2020-06-29 09:07:53,275.4,0,39395,10038
BRNL,2020-06-29 09:07:52,37.25,50,14285,6982
SUNDARMFIN,2020-06-29 09:07:52,1420.0,7,1689,1000
FORCEMOT,2020-06-29 09:07:50,960.65,536,3716,1901
POWERMECH,2020-06-29 09:07:51,480.4,2284,4400,3786
ESABINDIA,2020-06-29 09:07:52,1418.0,22,1442,3725
ALEMBICLTD,2020-06-29 09:07:53,77.5,547,158264,29981
DHAMPURSUG,2020-06-29 09:07:53,130.3,7570,85163,22662
DALMIASUG,2020-06-29 09:07:53,111.65,420,21556,12722
ZODIACLOTH,2020-06-29 09:07:52,131.9,200,2616,1645
KEI,2020-06-29 09:07:51,350.0,114,12245,5339
AKSHOPTFBR,2020-06-29 09:07:50,6.8,4821,23849,15390
PAPERPROD,2020-06-29 09:07:49,205.5,200,50043,16443
NH,2020-06-29 09:07:51,276.5,67,15153,8164
SALZERELEC,2020-06-29 09:07:53,90.75,100,13976,12359
ACE,2020-06-29 09:07:51,56.5,900,66689,26511
TATASTLLP,2020-06-29 09:07:51,255.0,5,2423,2838
ITDC,2020-06-29 09:07:51,215.15,220,4101,1243
ADROITINFO,2020-06-29 09:07:49,7.35,1,0,972
ORIENTALTL,2020-06-29 09:07:52,14.85,17466,5100,259142
GSPL,2020-06-29 09:07:50,217.0,2152,44001,27851
NTPC,2020-06-29 09:07:50,97.65,96310,460093,413431
SPANDANA,2020-06-29 09:07:53,557.0,1,3210,3371
ADVENZYMES,2020-06-29 09:07:52,173.45,1,33214,10741
BAJAJHLDNG,2020-06-29 09:07:53,2723.0,105,3660,2537
VINYLINDIA,2020-06-29 09:07:55,99.2,0,30287,12335
BUTTERFLY,2020-06-29 09:07:49,139.3,4984,47824,18256
PDMJEPAPER,2020-06-29 09:07:52,15.5,12084,51563,82985
VARDHACRLC,2020-06-29 09:07:53,31.2,30,3861,12052
TATAINVEST,2020-06-29 09:07:51,774.85,38,6323,4961
KABRAEXTRU,2020-06-29 09:07:54,55.0,581,12360,16790
INFRATEL,2020-06-29 09:07:50,222.0,0,68139,81770
TIMETECHNO,2020-06-29 09:07:54,39.95,314,249016,46738
ABB,2020-06-29 09:07:50,920.0,1373,8885,8614
JKTYRE,2020-06-29 09:07:52,65.4,2041,61271,30025
INDHOTEL,2020-06-29 09:07:52,82.0,9130,128206,88482
HEXAWARE,2020-06-29 09:07:50,328.95,3828,103812,58230
OMMETALS,2020-06-29 09:07:53,16.45,2010,11925,4421
VERTOZ,2020-06-29 09:07:50,76.4,1,1893,975
PCJEWELLER,2020-06-29 09:07:54,17.1,4652,184921,130553
ALKYLAMINE,2020-06-29 09:07:49,2140.0,546,5479,5503
BANKINDIA,2020-06-29 09:07:49,51.65,30273,293204,72858
RADIOCITY,2020-06-29 09:07:50,17.35,2234,70082,74549
UFO,2020-06-29 09:07:53,79.0,130,29305,17704
TCPLPACK,2020-06-29 09:07:51,262.05,20,1949,2289
ADANIPOWER,2020-06-29 09:07:52,36.95,45062,697560,416427
FINEORG,2020-06-29 09:07:53,1905.0,40,5156,1698
NAHARSPING,2020-06-29 09:07:52,37.0,40,5680,3293
WOCKPHARMA,2020-06-29 09:07:53,287.0,2686,52748,12466
MTNL,2020-06-29 09:07:54,9.4,1362,326952,179626
NIITTECH,2020-06-29 09:07:50,1469.5,1604,6786,3011
BALRAMCHIN,2020-06-29 09:07:53,132.0,15720,148398,157835
SIMPLEXINF,2020-06-29 09:07:51,28.7,204,22454,16843
ELGIEQUIP,2020-06-29 09:07:52,154.9,130,17482,11576
CAREERP,2020-06-29 09:07:52,145.9,380,9997,5741
SONATSOFTW,2020-06-29 09:07:53,227.8,1154,26623,19272
AUTOAXLES,2020-06-29 09:07:49,594.8,15,1195,2910
APLAPOLLO,2020-06-29 09:07:53,1571.55,75,1605,5163
VMART,2020-06-29 09:07:51,1718.6,1,1836,931
AUROPHARMA,2020-06-29 09:07:50,784.0,7104,58326,12492
GRSE,2020-06-29 09:07:53,212.4,0,29938,26440
DAAWAT,2020-06-29 09:07:51,40.6,3428,121739,62686
CRISIL,2020-06-29 09:07:53,1613.8,3,4933,2999
SAIL,2020-06-29 09:07:51,30.65,59424,949827,416010
MANGALAM,2020-06-29 09:07:51,72.0,60,2805,3965
CAPACITE,2020-06-29 09:07:52,115.0,534,10047,7546
IPCALAB,2020-06-29 09:07:52,1708.5,791,10493,4491
CERA,2020-06-29 09:07:51,2227.0,3,1179,1010
SHANKARA,2020-06-29 09:07:50,376.0,618,8434,9854
TINPLATE,2020-06-29 09:07:52,119.4,2075,27206,27764
JBMA,2020-06-29 09:07:51,224.3,257,7241,7443
JKCEMENT,2020-06-29 09:07:51,1378.0,29,1669,3823
MOIL,2020-06-29 09:07:53,148.6,364,59462,19412
ANANTRAJ,2020-06-29 09:07:51,23.1,660,18380,10953
SPARC,2020-06-29 09:07:55,162.7,573,82069,21187
HAL,2020-06-29 09:07:52,765.0,524,8093,4047
BIRLAMONEY,2020-06-29 09:07:51,36.3,383,47407,25454
JKIL,2020-06-29 09:07:52,97.0,675,29437,11734
BHARATWIRE,2020-06-29 09:07:51,24.5,404,316,4666
PNBGILTS,2020-06-29 09:07:50,37.0,544,211540,51362
MAHLOG,2020-06-29 09:07:54,285.0,20,4578,2754
CUB,2020-06-29 09:07:50,124.9,7630,212109,64453
RUSHIL,2020-06-29 09:07:50,125.0,3,929,454
AVADHSUGAR,2020-06-29 09:07:52,189.0,663,4751,6264
SPENCERS,2020-06-29 09:07:53,88.55,3251,111363,34113
GICHSGFIN,2020-06-29 09:07:52,88.95,1175,79574,22739
IOC,2020-06-29 09:07:52,89.5,107072,586392,459288
FSL,2020-06-29 09:07:51,38.45,12043,210832,88870
TNPL,2020-06-29 09:07:52,116.95,1060,39383,27952
ACCELYA,2020-06-29 09:07:50,923.0,2,834,4520
KPRMILL,2020-06-29 09:07:52,495.0,170,1685,1629
NESTLEIND,2020-06-29 09:07:49,16740.0,128,2671,2357
DIVISLAB,2020-06-29 09:07:50,2359.55,464,18247,6820
TORNTPHARM,2020-06-29 09:07:50,2480.4,356,5868,1804
CADILAHC,2020-06-29 09:07:50,365.2,7638,104110,31835
JUSTDIAL,2020-06-29 09:07:50,394.0,5195,75966,38788
TATACONSUM,2020-06-29 09:07:50,387.05,0,62159,29530
SYNGENE,2020-06-29 09:07:53,408.4,933,28635,12525
RADICO,2020-06-29 09:07:53,380.6,932,50773,8983
TRIVENI,2020-06-29 09:07:54,56.5,4801,35674,10684
THOMASCOOK,2020-06-29 09:07:52,28.3,1046,27822,18471
CASTROLIND,2020-06-29 09:07:54,128.75,3702,121252,60691
COROMANDEL,2020-06-29 09:07:53,760.0,396,16378,24383
GDL,2020-06-29 09:07:50,86.2,310,58836,38620
BBTC,2020-06-29 09:07:53,1049.0,103,7505,6392
ASALCBR,2020-06-29 09:07:52,259.8,430,11091,9774
DCAL,2020-06-29 09:07:52,130.0,640,29919,22375
RAMANEWS,2020-06-29 09:07:54,15.0,3005,12407,43945
ZYDUSWELL,2020-06-29 09:07:55,1280.0,0,5705,3990
CIPLA,2020-06-29 09:07:50,637.0,8823,213480,40118
DBCORP,2020-06-29 09:07:52,78.0,1554,52967,33908
PETRONET,2020-06-29 09:07:49,266.0,5221,92359,44770
ASTERDM,2020-06-29 09:07:54,126.0,0,29617,16260
JKLAKSHMI,2020-06-29 09:07:51,257.3,256,19671,8981
BLISSGVS,2020-06-29 09:07:52,97.7,103,51948,23711
DCBBANK,2020-06-29 09:07:51,82.0,19882,211096,113399
CONCOR,2020-06-29 09:07:50,435.1,2712,28458,5744
NATIONALUM,2020-06-29 09:07:50,33.6,95403,769828,804388
GAYAPROJ,2020-06-29 09:07:52,16.9,1475,29132,12389
HATHWAY,2020-06-29 09:07:51,33.95,10862,297454,50141
HDFCLIFE,2020-06-29 09:07:50,543.5,3908,63706,66691
APTECHT,2020-06-29 09:07:50,102.5,351,27239,5456
VOLTAS,2020-06-29 09:07:52,547.0,857,45523,16056
KANORICHEM,2020-06-29 09:07:54,35.0,30,6156,3616
DALBHARAT,2020-06-29 09:07:50,702.0,26,4437,3889
TFCILTD,2020-06-29 09:07:52,35.45,2200,48205,39695
WABCOINDIA,2020-06-29 09:07:55,6889.95,0,4760,5460
GEPIL,2020-06-29 09:07:49,477.0,272,2333,6935
DELTACORP,2020-06-29 09:07:51,92.4,2617,45369,12001
PIIND,2020-06-29 09:07:50,1555.0,0,11196,9591
JSL,2020-06-29 09:07:51,37.5,2000,36093,44413
MGL,2020-06-29 09:07:49,1080.0,514,8964,5625
CENTUM,2020-06-29 09:07:51,306.0,257,1888,3058
TIDEWATER,2020-06-29 09:07:50,4126.0,0,217,776
TATASTLBSL,2020-06-29 09:07:51,20.35,9675,239307,95519
STAR,2020-06-29 09:07:53,427.7,1515,44972,13870
PRESTIGE,2020-06-29 09:07:53,224.5,1548,12146,20996
APARINDS,2020-06-29 09:07:50,327.0,1,1238,4215
BERGEPAINT,2020-06-29 09:07:53,512.0,3044,20535,14740
GODREJCP,2020-06-29 09:07:50,687.0,0,33295,6529
SHANTIGEAR,2020-06-29 09:07:51,89.7,205,9736,10513
MIRZAINT,2020-06-29 09:07:49,45.4,1515,56733,50812
TATAPOWER,2020-06-29 09:07:52,46.45,129825,588277,236394
SHALBY,2020-06-29 09:07:51,71.45,561,28374,12059
PEL,2020-06-29 09:07:50,1345.9,0,62404,27453
SUNDARMHLD,2020-06-29 09:07:51,49.1,250,7592,8045
NCLIND,2020-06-29 09:07:52,75.0,1125,16378,16470
TEXRAIL,2020-06-29 09:07:50,25.0,185,110766,48551
INDIACEM,2020-06-29 09:07:52,125.5,19281,235803,100546
GLAXO,2020-06-29 09:07:52,1484.05,22,5223,4113
HSIL,2020-06-29 09:07:52,50.95,1583,84640,42998
FILATEX,2020-06-29 09:07:52,25.8,516,30735,16013
ALLCARGO,2020-06-29 09:07:51,79.8,276,26654,20546
YESBANK,2020-06-29 09:07:54,26.8,26302,1435442,593738
GHCL,2020-06-29 09:07:52,138.9,140,10426,9155
VAIBHAVGBL,2020-06-29 09:07:53,1257.75,14,349,2441
MCX,2020-06-29 09:07:54,1241.9,208,16640,6499
CHEMBOND,2020-06-29 09:07:51,146.0,135,4581,4827
DIXON,2020-06-29 09:07:52,5588.0,55,3414,1154
RAJESHEXPO,2020-06-29 09:07:50,477.5,0,7198,110913
HEIDELBERG,2020-06-29 09:07:53,181.95,461,37152,23514
NIITLTD,2020-06-29 09:07:51,94.65,725,531954,20328
GOLDIAM,2020-06-29 09:07:50,101.0,38,7882,5820
AMBER,2020-06-29 09:07:54,1549.9,104,3109,2853
COCHINSHIP,2020-06-29 09:07:52,320.0,9105,38472,25103
BIRLACORPN,2020-06-29 09:07:53,596.0,621,6966,11975
SWARAJENG,2020-06-29 09:07:52,1428.0,43,1836,2154
SKIPPER,2020-06-29 09:07:53,44.15,701,19374,13018
IRCON,2020-06-29 09:07:53,90.65,0,138167,30094
BEPL,2020-06-29 09:07:53,46.0,3337,96996,45933
PRSMJOHNSN,2020-06-29 09:07:49,47.65,850,21655,10070
MUTHOOTCAP,2020-06-29 09:07:51,384.0,235,1690,815
SADBHAV,2020-06-29 09:07:54,48.35,1266,18054,76390
IOLCP,2020-06-29 09:07:51,455.0,5785,44405,38307
THYROCARE,2020-06-29 09:07:55,506.0,0,9567,6310
THEMISMED,2020-06-29 09:07:54,359.0,23,797,1152
MINDTREE,2020-06-29 09:07:50,950.0,0,17307,6951
RALLIS,2020-06-29 09:07:51,265.0,1826,47107,54840
UBL,2020-06-29 09:07:55,1018.85,0,13172,4814
BODALCHEM,2020-06-29 09:07:53,62.0,2277,50366,27706
RAMCOCEM,2020-06-29 09:07:51,643.7,630,12050,4723
THANGAMAYL,2020-06-29 09:07:55,260.0,0,7974,5676
JTEKTINDIA,2020-06-29 09:07:49,67.9,996,113778,33094
OMAXE,2020-06-29 09:07:52,220.65,402589,226083,626739
VTL,2020-06-29 09:07:51,672.0,10,3309,15476
GFLLIMITED,2020-06-29 09:07:52,104.0,258,4171,15722
VEDL,2020-06-29 09:07:51,110.0,41790,659062,150466
GODFRYPHLP,2020-06-29 09:07:52,997.0,318,8632,2613
TDPOWERSYS,2020-06-29 09:07:51,120.0,4680,9747,7626
LTTS,2020-06-29 09:07:53,1297.0,57,7146,3505
NAM-INDIA,2020-06-29 09:07:51,310.9,1834,67730,31931
VARROC,2020-06-29 09:07:52,190.0,4501,11649,11008
BBL,2020-06-29 09:07:51,800.0,30,2971,4733
HONAUT,2020-06-29 09:07:53,31101.0,7,234,334
AMARAJABAT,2020-06-29 09:07:50,647.95,0,19560,3712
ASIANPAINT,2020-06-29 09:07:49,1687.0,2617,25341,25255
DCMSHRIRAM,2020-06-29 09:07:53,337.85,936,10853,2767
SUPREMEIND,2020-06-29 09:07:52,1126.75,60,1450,3851
GPTINFRA,2020-06-29 09:07:51,24.25,321,6732,18345
MARALOVER,2020-06-29 09:07:54,14.55,68,581,1700
PGHH,2020-06-29 09:07:54,10168.0,0,337,438
BAJAJELEC,2020-06-29 09:07:51,402.9,316,23574,14051
KOKUYOCMLN,2020-06-29 09:07:52,59.6,201,41508,36648
GMBREW,2020-06-29 09:07:52,408.2,3,8179,5266
CCHHL,2020-06-29 09:07:50,3.7,2990,57844,2020
UGARSUGAR,2020-06-29 09:07:50,14.6,150,103029,43078
INFOBEAN,2020-06-29 09:07:50,99.9,11,1525,1957
ICICIPRULI,2020-06-29 09:07:50,423.35,0,29669,14465
GRINDWELL,2020-06-29 09:07:50,498.2,120,5063,12486
IDFC,2020-06-29 09:07:50,19.3,33309,860235,271254
INDSWFTLTD,2020-06-29 09:07:50,3.15,1,99,0
SCHAEFFLER,2020-06-29 09:07:51,3600.5,1,652,453
ASAL,2020-06-29 09:07:50,22.6,1,1530,984
AIAENG,2020-06-29 09:07:51,1625.2,4,2295,2495
RAMCOIND,2020-06-29 09:07:52,157.0,111,3186,12802
MADHUCON,2020-06-29 09:07:52,2.9,20,750,10032
BSL,2020-06-29 09:07:53,25.95,18,6923,10328
KOPRAN,2020-06-29 09:07:54,35.9,411,22256,13433
RECLTD,2020-06-29 09:07:55,112.65,0,77266,114387
TEJASNET,2020-06-29 09:07:50,48.6,105,13392,3401
BALPHARMA,2020-06-29 09:07:51,46.0,113,5393,3747
REDINGTON,2020-06-29 09:07:54,90.0,544,61419,16612
CENTENKA,2020-06-29 09:07:53,180.15,50,9532,7695
OILCOUNTUB,2020-06-29 09:07:50,5.15,47,0,3574
PARAGMILK,2020-06-29 09:07:52,107.1,1666,99274,96666
GMDCLTD,2020-06-29 09:07:53,41.8,0,144117,121280
ESSARSHPNG,2020-06-29 09:07:52,8.05,51,23897,9491
AMBUJACEM,2020-06-29 09:07:54,188.0,0,66812,26596
AUTOLITIND,2020-06-29 09:07:53,16.7,414,1602,2170
ORICONENT,2020-06-29 09:07:50,17.95,3371,56283,35235
MINDAIND,2020-06-29 09:07:52,282.8,81,13759,14794
BHAGYAPROP,2020-06-29 09:07:52,22.35,1430,12001,11507
INDLMETER,2020-06-29 09:07:53,17.0,0,0,779
ORIENTABRA,2020-06-29 09:07:51,17.05,12,13201,38308
NAVKARCORP,2020-06-29 09:07:51,27.85,1009,73119,39664
XELPMOC,2020-06-29 09:07:53,74.85,80,3142,500
GILLETTE,2020-06-29 09:07:52,4985.35,41,721,1670
ORIENTREF,2020-06-29 09:07:54,173.1,337,4959,6562
KSCL,2020-06-29 09:07:52,563.55,1066,8366,7278
COMPUSOFT,2020-06-29 09:07:53,9.35,640,8050,3521
KOLTEPATIL,2020-06-29 09:07:52,165.95,10,7612,6597
MFSL,2020-06-29 09:07:49,515.55,595,9213,5179
TIINDIA,2020-06-29 09:07:51,445.85,114,3591,6907
MANINDS,2020-06-29 09:07:51,48.35,14,38650,24711
UNICHEMLAB,2020-06-29 09:07:52,177.75,642,16546,14211
BSE,2020-06-29 09:07:52,453.2,141,35360,16019
TATAMOTORS,2020-06-29 09:07:50,101.4,153196,988149,395282
ASHIANA,2020-06-29 09:07:53,64.0,150,5536,1422
PAGEIND,2020-06-29 09:07:49,20129.05,58,521,385
BAJAJHIND,2020-06-29 09:07:53,8.0,63176,676213,330870
VETO,2020-06-29 09:07:53,45.35,50,762,618
SATIN,2020-06-29 09:07:53,88.15,1399,9778,1982
KHADIM,2020-06-29 09:07:54,121.95,160,1533,1054
TTL,2020-06-29 09:07:54,30.85,32,5108,7408
MAJESCO,2020-06-29 09:07:50,362.05,2,1368,910
VOLTAMP,2020-06-29 09:07:54,1139.4,102,3756,2768
RSYSTEMS,2020-06-29 09:07:54,96.0,98,8544,5580
KSERASERA,2020-06-29 09:07:52,0.35,1421037,17865117,16835838
SMLISUZU,2020-06-29 09:07:52,387.3,25,6935,2873
HMVL,2020-06-29 09:07:51,50.5,436,12795,16250
SURYALAXMI,2020-06-29 09:07:54,18.75,50,551,0
KITEX,2020-06-29 09:07:54,114.45,511,21969,10205
TWL,2020-06-29 09:07:55,35.5,0,5736,8067
NBCC,2020-06-29 09:07:54,23.8,20754,932154,486829
BYKE,2020-06-29 09:07:50,12.3,200,7461,8757
MHRIL,2020-06-29 09:07:52,177.0,16,37310,19075
BLBLIMITED,2020-06-29 09:07:50,6.6,502,12118,0
GSCLCEMENT,2020-06-29 09:07:52,29.7,230,51928,38334
HMT,2020-06-29 09:07:51,15.5,200,2404,900
SADBHIN,2020-06-29 09:07:53,16.45,2500,25599,10805
INDBANK,2020-06-29 09:07:51,7.6,15,20037,23939
JYOTHYLAB,2020-06-29 09:07:52,123.45,1848,45690,34139
PHILIPCARB,2020-06-29 09:07:49,95.45,2805,103325,30975
NIPPOBATRY,2020-06-29 09:07:50,603.0,1,1759,1495
JYOTISTRUC,2020-06-29 09:07:54,2.6,0,0,28477
TNPETRO,2020-06-29 09:07:52,34.9,200,38934,36740
MIC,2020-06-29 09:07:52,1.15,6450,73025,0
DCM,2020-06-29 09:07:53,20.05,1090,2365,1138
AIRAN,2020-06-29 09:07:50,12.7,1578,12372,3300
3MINDIA,2020-06-29 09:07:53,19103.0,17,277,733
UNIVASTU,2020-06-29 09:07:50,35.2,143,10155,1688
OCCL,2020-06-29 09:07:51,716.5,5,1455,5701
ZUARIGLOB,2020-06-29 09:07:52,54.5,260,7269,6571
AMJLAND,2020-06-29 09:07:49,20.95,1037,14634,6490
TI,2020-06-29 09:07:50,20.4,13636,34705,23351
DMART,2020-06-29 09:07:52,2294.4,547,21356,12537
CALSOFT,2020-06-29 09:07:50,10.1,3614,22264,13102
TBZ,2020-06-29 09:07:51,30.75,200,18363,23886
IDFCFIRSTB,2020-06-29 09:07:50,26.8,84676,883685,441991
MANAKSTEEL,2020-06-29 09:07:50,11.0,10,8590,8500
RAMSARUP,2020-06-29 09:07:52,0.65,1000,7172,0
COMPINFO,2020-06-29 09:07:52,13.7,450,15053,2274
SAMBHAAV,2020-06-29 09:07:52,2.4,301,6000,29801
APOLLOTYRE,2020-06-29 09:07:53,111.0,20348,146944,74585
PRABHAT,2020-06-29 09:07:51,70.6,196,26343,6704
VINATIORGA,2020-06-29 09:07:55,989.35,0,7441,7112
NUCLEUS,2020-06-29 09:07:51,268.8,1721,14683,17069
GEECEE,2020-06-29 09:07:50,69.05,80,2580,4614
SGL,2020-06-29 09:07:54,9.5,500,6650,13872
HGS,2020-06-29 09:07:51,670.4,1,1042,5550
SEQUENT,2020-06-29 09:07:54,91.5,2471,70820,700052
ANSALAPI,2020-06-29 09:07:50,4.7,1100,11480,3006
BGRENERGY,2020-06-29 09:07:51,39.05,505,27560,26023
DEEPIND,2020-06-29 09:07:52,75.3,17,10395,8146
IRB,2020-06-29 09:07:51,90.1,8454,144451,83249
LUPIN,2020-06-29 09:07:50,926.75,1684,46766,12443
JINDALPHOT,2020-06-29 09:07:51,16.8,817,2950,3132
CHALET,2020-06-29 09:07:50,136.75,1010,12648,9099
MSPL,2020-06-29 09:07:51,7.5,600,20,866
TIMKEN,2020-06-29 09:07:54,956.0,18,3343,3225
APLLTD,2020-06-29 09:07:53,902.0,316,35658,11934
REPRO,2020-06-29 09:07:54,402.0,1,348,2920
KICL,2020-06-29 09:07:53,1340.0,25,1011,1430
DRREDDY,2020-06-29 09:07:49,3998.0,1006,11701,4253
HEG,2020-06-29 09:07:52,875.4,231,17153,5052
GPIL,2020-06-29 09:07:50,171.9,700,14456,3243
NEWGEN,2020-06-29 09:07:54,149.95,751,6178,6940
CARERATING,2020-06-29 09:07:53,420.0,59,7600,3800
CCL,2020-06-29 09:07:50,241.8,305,3986,4814
PFIZER,2020-06-29 09:07:49,4100.0,182,7309,4175
RUCHI,2020-06-29 09:07:55,1519.0,0,40474,7094
ZUARI,2020-06-29 09:07:51,103.0,2,4460,997
KILITCH,2020-06-29 09:07:53,101.55,15,1664,1423
BIOCON,2020-06-29 09:07:50,401.6,8853,130065,36504
AJANTPHARM,2020-06-29 09:07:50,1446.0,207,11956,4077
TVTODAY,2020-06-29 09:07:53,191.0,125,11583,7689
GRAPHITE,2020-06-29 09:07:52,188.0,702,13613,13254
RELAXO,2020-06-29 09:07:50,636.0,723,26612,23140
SRF,2020-06-29 09:07:52,3600.0,199,4503,2920
UPL,2020-06-29 09:07:53,440.0,6546,46398,23152
GREAVESCOT,2020-06-29 09:07:52,87.0,856,77717,39531
DEEPAKNTR,2020-06-29 09:07:52,503.8,1669,80510,17294
GET&D,2020-06-29 09:07:51,80.3,1060,5602,10662
TATACHEM,2020-06-29 09:07:52,315.0,1866,38830,20543
SHRIRAMCIT,2020-06-29 09:07:54,695.85,321,7551,6898
JINDALPOLY,2020-06-29 09:07:54,385.85,115,8125,5191
EXIDEIND,2020-06-29 09:07:52,148.8,4690,163793,86756
SUPRAJIT,2020-06-29 09:07:54,144.9,207,21610,21114
MIDHANI,2020-06-29 09:07:54,214.55,0,106767,20807
HCLTECH,2020-06-29 09:07:50,562.0,3822,84033,28255
HINDOILEXP,2020-06-29 09:07:52,67.4,109,38662,10796
DABUR,2020-06-29 09:07:49,460.0,2640,76663,38070
JSWSTEEL,2020-06-29 09:07:51,192.5,13803,157032,49554
PGHL,2020-06-29 09:07:54,4145.0,12,7093,2191
HATSUN,2020-06-29 09:07:53,669.7,1,1727,14498
MRF,2020-06-29 09:07:49,66400.0,42,318,174
LINCOLN,2020-06-29 09:07:51,171.45,240,8824,4380
SAFARI,2020-06-29 09:07:54,384.0,36,954,1282
GAIL,2020-06-29 09:07:50,105.05,0,582812,175448
CUMMINSIND,2020-06-29 09:07:49,410.2,1341,18803,15840
DOLAT,2020-06-29 09:07:51,50.5,106,1526310,7065
GNA,2020-06-29 09:07:51,196.4,5,16697,11914
IGL,2020-06-29 09:07:50,441.65,2741,91066,26957
MAHSCOOTER,2020-06-29 09:07:54,2600.0,161,1041,1753
BRITANNIA,2020-06-29 09:07:50,3452.8,398,10659,3801
GODREJIND,2020-06-29 09:07:50,421.0,412,19070,3466
GREENLAM,2020-06-29 09:07:53,822.0,0,1098,2440
SOLARINDS,2020-06-29 09:07:54,1038.9,38,3002,4356
WONDERLA,2020-06-29 09:07:51,134.35,556,9538,18077
PIDILITIND,2020-06-29 09:07:49,1386.15,736,29103,27718
JAGRAN,2020-06-29 09:07:51,41.5,3207,87636,180957
MASTEK,2020-06-29 09:07:54,392.4,802,15630,5585
SUDARSCHEM,2020-06-29 09:07:52,391.8,328,20428,6477
MRPL,2020-06-29 09:07:54,39.15,7577,161355,113015
TASTYBITE,2020-06-29 09:07:50,12090.0,1,179,179
DLF,2020-06-29 09:07:50,154.2,0,89412,71105
LUXIND,2020-06-29 09:07:51,1141.0,196,5362,2497
HINDUNILVR,2020-06-29 09:07:50,2151.35,5490,62230,39318
SIEMENS,2020-06-29 09:07:49,1114.9,556,17716,6469
TITAN,2020-06-29 09:07:49,964.9,5135,34344,26310
AARTIDRUGS,2020-06-29 09:07:49,1281.0,287,4830,3577
TV18BRDCST,2020-06-29 09:07:54,35.45,30434,232276,90701
MAXVIL,2020-06-29 09:07:52,34.5,1,40574,12717
BFINVEST,2020-06-29 09:07:52,310.0,82,4891,4478
SANOFI,2020-06-29 09:07:51,7822.0,551,3282,1183
EIDPARRY,2020-06-29 09:07:52,272.0,646,30071,38140
INGERRAND,2020-06-29 09:07:52,637.05,25,18522,15395
WESTLIFE,2020-06-29 09:07:54,325.7,2352,41876,15383
BOSCHLTD,2020-06-29 09:07:49,11196.25,59,993,437
SOBHA,2020-06-29 09:07:54,226.5,234,9899,13760
PRAJIND,2020-06-29 09:07:49,64.7,3833,102806,38130
ZENSARTECH,2020-06-29 09:07:51,128.0,1169,17123,14641
ASHOKA,2020-06-29 09:07:52,62.9,3650,235482,49632
NCC,2020-06-29 09:07:54,31.0,56343,712780,530572
WHIRLPOOL,2020-06-29 09:07:55,2040.0,0,1881,3677
SUNTECK,2020-06-29 09:07:55,182.75,0,33085,8816
CARBORUNIV,2020-06-29 09:07:53,272.8,89,82254,5665
BAJAJCON,2020-06-29 09:07:52,150.0,1905,67578,42716
KIRLOSIND,2020-06-29 09:07:53,680.0,25,416,1171
TORNTPOWER,2020-06-29 09:07:49,324.85,848,32489,11446
DLINKINDIA,2020-06-29 09:07:52,86.5,6972,52890,35810
INDRAMEDCO,2020-06-29 09:07:53,57.5,0,75546,61385
MUTHOOTFIN,2020-06-29 09:07:49,1088.0,2105,30041,13884
EMAMIPAP,2020-06-29 09:07:50,80.8,11,3589,1625
CSBBANK,2020-06-29 09:07:49,186.4,308,24567,7737
ENGINERSIN,2020-06-29 09:07:53,79.75,0,390730,147051
RAIN,2020-06-29 09:07:55,79.7,893,80461,29680
BPCL,2020-06-29 09:07:49,392.9,17786,114678,44713
NEULANDLAB,2020-06-29 09:07:54,550.0,0,5065,5145
LTI,2020-06-29 09:07:53,1925.0,93,26212,2756
SESHAPAPER,2020-06-29 09:07:51,156.0,210,14465,6448
BANCOINDIA,2020-06-29 09:07:51,77.0,570,44172,20696
GRANULES,2020-06-29 09:07:50,205.0,11107,94364,56172
TVSMOTOR,2020-06-29 09:07:53,380.9,1517,31836,7946
INDIAMART,2020-06-29 09:07:49,2393.0,4,3312,1132
ICICIGI,2020-06-29 09:07:50,1260.0,0,18931,10413
BAYERCROP,2020-06-29 09:07:52,5948.0,13,899,1229
INDIAGLYCO,2020-06-29 09:07:52,274.85,374,22495,7711
AAVAS,2020-06-29 09:07:50,1340.0,58,1560,517
ARVINDFASN,2020-06-29 09:07:50,177.5,726,1926,4117
HINDZINC,2020-06-29 09:07:50,198.5,10235,100802,50332
AMRUTANJAN,2020-06-29 09:07:52,372.8,542,20904,10260
VGUARD,2020-06-29 09:07:55,174.9,0,39762,25476
ITI,2020-06-29 09:07:52,107.6,22615,180163,63771
ABFRL,2020-06-29 09:07:53,129.0,4418,227837,55902
BLUESTARCO,2020-06-29 09:07:50,504.6,71,21568,3081
ONGC,2020-06-29 09:07:49,83.95,40774,575255,312570
KPITTECH,2020-06-29 09:07:50,61.5,788,32940,19774
GMRINFRA,2020-06-29 09:07:50,20.35,31222,385437,222940
JKPAPER,2020-06-29 09:07:51,100.95,6316,172117,68941
MANINFRA,2020-06-29 09:07:53,20.15,328,71138,21928
INDIGO,2020-06-29 09:07:50,1026.0,2683,24294,15562
SMSPHARMA,2020-06-29 09:07:54,60.3,347,25327,25040
POLYMED,2020-06-29 09:07:54,301.0,35,12940,7695
BASF,2020-06-29 09:07:53,1170.0,22,5736,2933
VSTIND,2020-06-29 09:07:52,3133.1,12,1077,786
MADRASFERT,2020-06-29 09:07:50,19.8,604,45268,32627
CONFIPET,2020-06-29 09:07:50,19.7,850,70636,85358
M&MFIN,2020-06-29 09:07:50,176.45,9617,254478,74754
CDSL,2020-06-29 09:07:52,273.95,1472,62652,19516
NELCO,2020-06-29 09:07:54,194.95,0,7043,3725
RVNL,2020-06-29 09:07:53,19.4,36237,593886,250134
SHIVATEX,2020-06-29 09:07:51,95.0,100,2192,0
TATASTEEL,2020-06-29 09:07:49,323.0,13558,150612,100106
NIACL,2020-06-29 09:07:54,113.75,1835,97608,33580
VBL,2020-06-29 09:07:50,680.0,876,11954,8262
BALMLAWRIE,2020-06-29 09:07:53,113.0,1035,41463,28120
BHARTIARTL,2020-06-29 09:07:49,558.9,15252,226893,80952
GABRIEL,2020-06-29 09:07:52,92.1,259,22613,13791
KARURVYSYA,2020-06-29 09:07:54,36.5,47186,252708,134928
HPL,2020-06-29 09:07:51,35.7,511,10406,4153
ESCORTS,2020-06-29 09:07:49,1014.5,977,19228,8025
FORTIS,2020-06-29 09:07:51,123.0,7448,264642,173546
NESCO,2020-06-29 09:07:52,440.0,211,15770,8222
BHAGERIA,2020-06-29 09:07:51,117.7,370,22617,7398
KOTAKBANK,2020-06-29 09:07:50,1336.1,9184,119791,28151
BALKRISIND,2020-06-29 09:07:53,1238.75,498,10193,1859
ORTINLABSS,2020-06-29 09:07:51,15.8,1001,9484,1025
PANACEABIO,2020-06-29 09:07:49,204.0,2078,17735,13538
GESHIP,2020-06-29 09:07:50,218.5,468,26935,7865
POWERINDIA,2020-06-29 09:07:53,837.3,6,5645,10549
GATI,2020-06-29 09:07:50,46.2,131,47773,30557
UJJIVANSFB,2020-06-29 09:07:55,30.4,4268,204274,68160
SHREECEM,2020-06-29 09:07:49,22450.0,46,921,314
PFC,2020-06-29 09:07:52,89.8,5035,170115,106405
OFSS,2020-06-29 09:07:51,2727.95,18,5920,5352
DOLLAR,2020-06-29 09:07:52,143.8,3942,24425,3025
TECHM,2020-06-29 09:07:50,558.9,0,60287,24579
NAHARCAP,2020-06-29 09:07:52,70.9,10,5227,4550
MAHSEAMLES,2020-06-29 09:07:54,226.0,614,9073,7165
BLUEDART,2020-06-29 09:07:53,2001.0,39,3092,4990
KRBL,2020-06-29 09:07:51,252.7,1109,23524,14436
ASTEC,2020-06-29 09:07:52,803.9,174,9332,13878
VENKEYS,2020-06-29 09:07:52,1125.0,155,8951,2091
GRASIM,2020-06-29 09:07:49,613.75,605,24503,10531
DWARKESH,2020-06-29 09:07:50,25.5,3844,127640,12098
SPICEJET,2020-06-29 09:07:53,50.95,30441,439871,81454
RAYMOND,2020-06-29 09:07:51,292.0,3095,60177,26406
GIPCL,2020-06-29 09:07:52,74.8,1017,80587,43591
RPGLIFE,2020-06-29 09:07:55,268.0,0,5374,4176
BEL,2020-06-29 09:07:53,84.95,43876,404349,144900
HEROMOTOCO,2020-06-29 09:07:50,2530.0,0,11294,7267
OBEROIRLTY,2020-06-29 09:07:53,373.8,42,10590,5041
MCDOWELL-N,2020-06-29 09:07:49,589.0,4606,57760,21353
ALKEM,2020-06-29 09:07:51,2339.35,85,4972,2528
GODREJAGRO,2020-06-29 09:07:52,455.25,352,16144,6293
5PAISA,2020-06-29 09:07:53,233.0,33,3353,2141
DFMFOODS,2020-06-29 09:07:52,184.7,77,20912,15727
MARUTI,2020-06-29 09:07:49,5730.0,2062,16508,9977
MAHABANK,2020-06-29 09:07:51,11.45,50836,775623,305096
NAVNETEDUL,2020-06-29 09:07:54,79.5,0,26044,23507
SHK,2020-06-29 09:07:53,67.6,1582,163290,45928
SPMLINFRA,2020-06-29 09:07:52,11.2,1520,12388,500
MPSLTD,2020-06-29 09:07:51,278.0,50,686,483
COLPAL,2020-06-29 09:07:49,1385.0,330,14524,19362
HERCULES,2020-06-29 09:07:51,77.0,385,19714,11183
HINDCOPPER,2020-06-29 09:07:51,33.0,3808,187586,95194
GMMPFAUDLR,2020-06-29 09:07:52,4160.0,16,3240,5124
MASFIN,2020-06-29 09:07:54,669.6,15,3294,4187
LICHSGFIN,2020-06-29 09:07:49,269.65,11953,155312,51348
AKZOINDIA,2020-06-29 09:07:54,1851.0,0,2186,1559
ADANIENT,2020-06-29 09:07:53,161.4,8716,73331,38697
THERMAX,2020-06-29 09:07:52,770.05,184,3446,4688
ABCAPITAL,2020-06-29 09:07:52,63.95,7519,336836,79268
LUMAXTECH,2020-06-29 09:07:52,85.0,1331,16898,9890
IBREALEST,2020-06-29 09:07:51,53.0,1246,73710,77051
VISAKAIND,2020-06-29 09:07:52,242.0,150,3249,1831
EMAMILTD,2020-06-29 09:07:50,219.9,5664,32319,17954
NMDC,2020-06-29 09:07:52,83.75,6108,219822,94947
KNRCON,2020-06-29 09:07:52,219.6,239,16075,14262
GLOBUSSPR,2020-06-29 09:07:51,124.85,243,8974,2973
AFFLE,2020-06-29 09:07:50,1505.0,216,4070,719
RIIL,2020-06-29 09:07:51,422.0,1491,28870,3302
SANCO,2020-06-29 09:07:50,10.2,180,25396,33372
BFUTILITIE,2020-06-29 09:07:50,202.6,0,28694,6848
ALPHAGEO,2020-06-29 09:07:51,200.45,380,10145,5306
USHAMART,2020-06-29 09:07:53,20.0,1639,14456,10097
DREDGECORP,2020-06-29 09:07:50,267.8,5594,27510,233271
ORIENTELEC,2020-06-29 09:07:49,198.0,4291,36874,13928
CENTRALBK,2020-06-29 09:07:51,19.7,65311,574476,251342
TCS,2020-06-29 09:07:50,2108.0,0,58699,25982
UCALFUEL,2020-06-29 09:07:52,115.95,5,13642,6341
APOLLOHOSP,2020-06-29 09:07:50,1381.0,0,34201,12780
EICHERMOT,2020-06-29 09:07:50,18377.45,264,2248,1254
MOTHERSUMI,2020-06-29 09:07:49,95.5,11507,434313,114638
SELAN,2020-06-29 09:07:54,104.1,40,4244,2306
CANBK,2020-06-29 09:07:50,103.95,12110,214019,138399
NAVINFLUOR,2020-06-29 09:07:52,1591.0,266,9014,5375
ULTRACEMCO,2020-06-29 09:07:49,3839.95,642,7732,3192
FAIRCHEM,2020-06-29 09:07:49,547.7,56,2765,2532
TATACOFFEE,2020-06-29 09:07:51,83.15,722,72216,37139
ADANIPORTS,2020-06-29 09:07:51,341.35,4093,41437,11597
GULFPETRO,2020-06-29 09:07:50,46.0,80,9942,13659
TVSSRICHAK,2020-06-29 09:07:49,1432.9,36,1909,1524
SBILIFE,2020-06-29 09:07:50,780.0,0,22244,7817
VIMTALABS,2020-06-29 09:07:54,88.7,157,18356,16561
JUBLFOOD,2020-06-29 09:07:50,1759.85,0,9465,3079
HDFCAMC,2020-06-29 09:07:53,2474.0,987,33462,18584
AEGISCHEM,2020-06-29 09:07:53,183.9,511,35462,14977
IGARASHI,2020-06-29 09:07:52,284.95,192,10510,5140
KTKBANK,2020-06-29 09:07:50,43.0,9633,283221,126859
JAMNAAUTO,2020-06-29 09:07:53,33.95,34145,210095,113343
CGCL,2020-06-29 09:07:52,160.0,290,4102,4495
IFCI,2020-06-29 09:07:52,8.35,390491,1023346,374646
KAYA,2020-06-29 09:07:50,233.0,568,2000,2843
KINGFA,2020-06-29 09:07:53,371.1,165,2446,4719
GODREJPROP,2020-06-29 09:07:51,863.0,189,17741,2180
VSTTILLERS,2020-06-29 09:07:50,1322.0,9,1921,3649
KEC,2020-06-29 09:07:51,260.0,121,13167,13807
SPECIALITY,2020-06-29 09:07:51,32.4,80,14175,3039
UCOBANK,2020-06-29 09:07:53,16.05,371412,2095569,458274
STARPAPER,2020-06-29 09:07:52,104.1,2175,32451,24758
PARACABLES,2020-06-29 09:07:52,8.0,301,78985,54007
IIFL,2020-06-29 09:07:50,78.9,6373,71459,20758
VENUSREM,2020-06-29 09:07:54,62.95,1180,6744,1725
NOCIL,2020-06-29 09:07:54,86.4,0,200964,53925
WENDT,2020-06-29 09:07:52,2691.0,2,109,58
DHANBANK,2020-06-29 09:07:50,15.4,7901,380194,65741
SNOWMAN,2020-06-29 09:07:52,30.8,601,100461,48714
KIRIINDUS,2020-06-29 09:07:52,429.8,61,14421,2081
BATAINDIA,2020-06-29 09:07:53,1317.0,713,16650,9918
COSMOFILMS,2020-06-29 09:07:53,313.7,86,15120,3299
ORISSAMINE,2020-06-29 09:07:53,1648.4,17,1311,535
MOTILALOFS,2020-06-29 09:07:52,605.0,230,5826,3359
HIMATSEIDE,2020-06-29 09:07:52,67.0,2220,82525,9510
ZENTEC,2020-06-29 09:07:53,52.05,130,22911,16534
POWERGRID,2020-06-29 09:07:50,178.0,0,96952,44385
ACC,2020-06-29 09:07:49,1279.95,734,96114,5296
ALBERTDAVD,2020-06-29 09:07:51,480.0,258,2673,2054
BANKBARODA,2020-06-29 09:07:49,51.5,49237,1137662,244287
JMFINANCIL,2020-06-29 09:07:51,72.9,1433,121243,99119
HERITGFOOD,2020-06-29 09:07:53,268.0,133,2695,1282
JSLHISAR,2020-06-29 09:07:51,65.1,200,45166,17324
CROMPTON,2020-06-29 09:07:51,234.6,195,28740,17675
BHARATFORG,2020-06-29 09:07:53,350.0,2868,32122,18205
NAUKRI,2020-06-29 09:07:52,2736.75,307,17937,2804
GICRE,2020-06-29 09:07:52,153.8,1482,50421,13735
SHAKTIPUMP,2020-06-29 09:07:51,180.0,201,5657,1671
HSCL,2020-06-29 09:07:51,48.4,1810,105584,54547
PNBHOUSING,2020-06-29 09:07:53,221.2,954,41618,7720
INDNIPPON,2020-06-29 09:07:53,283.1,0,2182,2881
WATERBASE,2020-06-29 09:07:52,103.4,557,34365,7767
PSPPROJECT,2020-06-29 09:07:53,392.7,329,5772,4816
KIRLOSENG,2020-06-29 09:07:53,109.8,61,11539,13174
SRTRANSFIN,2020-06-29 09:07:50,699.8,0,74452,32633
ADANIGAS,2020-06-29 09:07:50,164.65,6753,144967,37130
SFL,2020-06-29 09:07:50,1420.0,63,1059,4203
TATAMTRDVR,2020-06-29 09:07:55,41.15,0,137486,121594
BRIGADE,2020-06-29 09:07:51,143.0,106,10003,8691
CANTABIL,2020-06-29 09:07:52,283.55,580,14194,3759
SHALPAINTS,2020-06-29 09:07:55,67.0,157,16359,12786
SASKEN,2020-06-29 09:07:54,502.0,1149,13767,4850
RAMCOSYS,2020-06-29 09:07:53,120.0,1156,38585,6488
INDTERRAIN,2020-06-29 09:07:52,33.0,762,13531,24934
SANGHIIND,2020-06-29 09:07:51,26.2,13300,96609,124603
DBL,2020-06-29 09:07:52,281.0,307,19299,4603
BSOFT,2020-06-29 09:07:50,91.4,3126,101606,71134
ABBOTINDIA,2020-06-29 09:07:52,15835.0,27,1059,1083
J&KBANK,2020-06-29 09:07:50,19.55,60705,185806,238917
PILITA,2020-06-29 09:07:54,6.5,36,123668,109040
NRBBEARING,2020-06-29 09:07:50,84.25,3650,47998,21391
ZEEL,2020-06-29 09:07:50,174.9,0,385665,86674
TPLPLASTEH,2020-06-29 09:07:53,121.0,200,9886,5037
JAICORPLTD,2020-06-29 09:07:50,89.0,4705,117650,31232
RELIANCE,2020-06-29 09:07:50,1728.05,68620,225735,83010
JINDALSTEL,2020-06-29 09:07:50,152.0,15785,147075,58105
QUICKHEAL,2020-06-29 09:07:51,118.1,1273,31381,11483
L&TFH,2020-06-29 09:07:50,68.25,0,400651,195272
NATHBIOGEN,2020-06-29 09:07:51,332.65,3,1233,231
GNFC,2020-06-29 09:07:52,159.8,2825,80571,27252
HDFC,2020-06-29 09:07:49,1755.0,24868,54930,52696
INDOCO,2020-06-29 09:07:50,209.1,2000,9023,42398
CHENNPETRO,2020-06-29 09:07:54,83.0,0,143200,30357
MARKSANS,2020-06-29 09:07:51,35.0,4500,165019,93023
RBL,2020-06-29 09:07:50,559.0,0,9519,3590
RCF,2020-06-29 09:07:51,46.5,4471,263549,118139
ASTRAL,2020-06-29 09:07:51,955.0,122,7470,5541
TECHNOE,2020-06-29 09:07:53,194.8,55,10653,5007
MEGH,2020-06-29 09:07:52,51.55,1025,137003,62420
SBIN,2020-06-29 09:07:49,183.0,89646,1236768,519576
VISHNU,2020-06-29 09:07:53,131.5,301,4372,8944
CIMMCO,2020-06-29 09:07:53,17.0,331,7839,2210
NELCAST,2020-06-29 09:07:52,45.3,447,65706,15071
MMTC,2020-06-29 09:07:53,16.9,12143,165538,115598
IRCTC,2020-06-29 09:07:50,1370.0,0,75920,32439
UNIONBANK,2020-06-29 09:07:53,33.55,22551,664112,223582
ZEELEARN,2020-06-29 09:07:50,16.75,3778,144892,55949
CHOLAFIN,2020-06-29 09:07:50,200.0,0,264358,48971
TTKPRESTIG,2020-06-29 09:07:52,5602.25,61,764,1494
SUNDRMFAST,2020-06-29 09:07:52,393.0,253,5387,9916
SSWL,2020-06-29 09:07:54,435.0,242,4700,2710
HAVELLS,2020-06-29 09:07:49,580.1,1349,35365,8585
AMBIKCO,2020-06-29 09:07:51,700.25,84,1237,5250
CYBERTECH,2020-06-29 09:07:50,42.75,609,11014,5408
SUNPHARMA,2020-06-29 09:07:49,475.5,16276,254968,80162
GANDHITUBE,2020-06-29 09:07:51,192.1,80,2081,5774
VRLLOG,2020-06-29 09:07:53,165.0,742,15514,21258
CEATLTD,2020-06-29 09:07:51,917.7,61,7261,2458
DEEPAKFERT,2020-06-29 09:07:53,116.5,611,59973,33395
FEDERALBNK,2020-06-29 09:07:52,52.95,73810,836196,186925
CHOLAHLDNG,2020-06-29 09:07:50,305.1,20,2318,1546
STRTECH,2020-06-29 09:07:53,115.5,3623,116180,32575
CLNINDIA,2020-06-29 09:07:53,371.1,125,6332,2319
SURYAROSNI,2020-06-29 09:07:52,125.0,513,6685,8653
CHEMFAB,2020-06-29 09:07:49,135.2,59,2283,2770
MANAPPURAM,2020-06-29 09:07:53,154.95,10032,139439,29436
NLCINDIA,2020-06-29 09:07:50,46.4,3380,800895,118629
AARTIIND,2020-06-29 09:07:53,944.5,370,32766,13382
CENTURYTEX,2020-06-29 09:07:53,304.85,1047,58450,18173
ATULAUTO,2020-06-29 09:07:53,170.0,1014,2361,4375
FACT,2020-06-29 09:07:52,50.0,3606,54606,25287
MANGCHEFER,2020-06-29 09:07:52,39.65,2810,96195,53363
TIPSINDLTD,2020-06-29 09:07:53,132.0,190,2561,5544
ASAHISONG,2020-06-29 09:07:53,151.05,105,7643,15714
LINDEINDIA,2020-06-29 09:07:54,583.05,26,4907,2822
UFLEX,2020-06-29 09:07:51,211.8,220,14544,6079
ADORWELD,2020-06-29 09:07:53,264.0,25,5196,9741
INDIANHUME,2020-06-29 09:07:52,166.55,9,15601,5892
SAGCEM,2020-06-29 09:07:54,332.0,10,4200,5673
LALPATHLAB,2020-06-29 09:07:51,1543.0,120,5496,2753
SYMPHONY,2020-06-29 09:07:50,895.0,655,5107,6149
HINDALCO,2020-06-29 09:07:50,149.45,13489,262585,68716
KMSUGAR,2020-06-29 09:07:52,9.3,10563,87872,30492
TRENT,2020-06-29 09:07:51,680.0,618,14937,6275
COALINDIA,2020-06-29 09:07:52,140.55,37009,397189,194372
PNB,2020-06-29 09:07:50,36.2,0,1296646,450794
GUJALKALI,2020-06-29 09:07:52,325.3,179,21200,7823
SBICARD,2020-06-29 09:07:50,645.0,3679,73875,33956
BALAJITELE,2020-06-29 09:07:50,76.5,354,27268,20819
AKASH,2020-06-29 09:07:51,90.0,10,864,0
KSB,2020-06-29 09:07:54,472.0,51,3364,11026
ICICIBANK,2020-06-29 09:07:50,345.25,0,548285,275848
NATCOPHARM,2020-06-29 09:07:49,627.1,111,16855,6279
ARVSMART,2020-06-29 09:07:50,76.0,402,14336,24246
WELSPUNIND,2020-06-29 09:07:53,35.75,6551,51637,24962
PTC,2020-06-29 09:07:50,48.95,0,596553,235663
ORIENTCEM,2020-06-29 09:07:54,75.5,1459,36655,7357
APOLLOPIPE,2020-06-29 09:07:51,322.85,20,5196,4358
KALPATPOWR,2020-06-29 09:07:54,221.0,387,33622,14910
LUMAXIND,2020-06-29 09:07:54,1070.0,6,932,1108
INDIANB,2020-06-29 09:07:51,65.7,9569,299381,125842
VSSL,2020-06-29 09:07:51,61.0,280,2303,1676
PVR,2020-06-29 09:07:50,1015.0,0,25605,13827
PFS,2020-06-29 09:07:53,13.0,6249,73459,64917
VAKRANGEE,2020-06-29 09:07:54,34.55,3100,301181,409779
MCDHOLDING,2020-06-29 09:07:52,25.55,20,8937,4092
LIBERTSHOE,2020-06-29 09:07:54,126.05,171,21267,10235
POLYCAB,2020-06-29 09:07:50,772.8,1712,13529,14180
TCIEXP,2020-06-29 09:07:50,660.0,3,4526,9242
SUNCLAYLTD,2020-06-29 09:07:51,1700.0,10,1220,2109
KIRLOSBROS,2020-06-29 09:07:53,119.05,1111,5016,12452
CYIENT,2020-06-29 09:07:50,272.1,1288,59385,21856
VIKASPROP,2020-06-29 09:07:54,4.0,28241,4989867,0
DIAMONDYD,2020-06-29 09:07:52,620.0,5,2496,5785
CANFINHOME,2020-06-29 09:07:53,350.0,751,16905,12544
NOIDATOLL,2020-06-29 09:07:51,3.9,350,14922,76401
AUBANK,2020-06-29 09:07:50,565.0,0,24012,7101
LT,2020-06-29 09:07:50,950.0,0,131687,74193
SCHNEIDER,2020-06-29 09:07:51,85.4,910,55947,12775
GENUSPOWER,2020-06-29 09:07:50,23.1,744,80642,82731
CENTURYPLY,2020-06-29 09:07:51,119.0,2905,70749,25664
TIRUMALCHM,2020-06-29 09:07:52,49.7,302,84396,13518
MINDACORP,2020-06-29 09:07:54,72.5,7310,156723,62727
ASTRAMICRO,2020-06-29 09:07:50,98.1,1378,93181,40577
ESTER,2020-06-29 09:07:52,49.0,1,93338,4151
KENNAMET,2020-06-29 09:07:51,774.0,1,1306,5126
MOTOGENFIN,2020-06-29 09:07:50,22.45,1,1550,0
WABAG,2020-06-29 09:07:50,112.0,1057,6892,3962
MANGLMCEM,2020-06-29 09:07:54,188.0,442,11059,3930
ALANKIT,2020-06-29 09:07:50,18.4,3426,52724,1131215
EQUITAS,2020-06-29 09:07:51,54.6,14329,359672,125641
ISEC,2020-06-29 09:07:53,466.2,859,33532,8370
SUPERHOUSE,2020-06-29 09:07:50,83.5,30,3160,4776
SAKSOFT,2020-06-29 09:07:54,204.9,127,9074,5095
ICIL,2020-06-29 09:07:50,38.0,636,30133,14512
APCOTEXIND,2020-06-29 09:07:53,124.1,1,11065,8987
ESSELPACK,2020-06-29 09:07:52,182.7,198,16987,7794
IVC,2020-06-29 09:07:49,3.4,6050,23440,29252
JBCHEPHARM,2020-06-29 09:07:54,668.0,842,20507,3810
M&M,2020-06-29 09:07:49,494.1,13553,111534,20776
BANDHANBNK,2020-06-29 09:07:49,333.0,12431,143751,42813
SHILPAMED,2020-06-29 09:07:55,476.0,0,17534,8166
BAJAJ-AUTO,2020-06-29 09:07:49,2825.0,2345,11540,4558
CREDITACC,2020-06-29 09:07:49,510.0,79,1987,1706
AHLUCONT,2020-06-29 09:07:52,214.0,145,3735,8826
WIPRO,2020-06-29 09:07:50,222.05,0,148190,58049
ORBTEXP,2020-06-29 09:07:54,62.0,51,8834,6912
RICOAUTO,2020-06-29 09:07:51,32.5,1378,142978,45799
SHARDAMOTR,2020-06-29 09:07:53,795.0,130,2227,5045
HARRMALAYA,2020-06-29 09:07:52,80.8,703,22124,8127
SUBROS,2020-06-29 09:07:52,171.25,100,10237,7930
ASHOKLEY,2020-06-29 09:07:50,51.65,134586,1433533,515063
LOVABLE,2020-06-29 09:07:53,58.1,522,10680,6435
HINDPETRO,2020-06-29 09:07:50,227.7,20327,112974,76264
JSWENERGY,2020-06-29 09:07:53,48.0,2539,123233,45894
TATAELXSI,2020-06-29 09:07:52,887.1,1836,51811,15799
ENIL,2020-06-29 09:07:50,152.5,20,265,4099
NETWORK18,2020-06-29 09:07:52,40.3,25849,64548,80885
ELECTCAST,2020-06-29 09:07:52,15.4,800,91094,56546
IBULHSGFIN,2020-06-29 09:07:50,223.9,0,426211,117052
SRIPIPES,2020-06-29 09:07:55,181.0,309,10657,8145
KCP,2020-06-29 09:07:54,50.1,3336,87017,34369
KANSAINER,2020-06-29 09:07:54,452.0,811,15862,5617
SUMICHEM,2020-06-29 09:07:55,287.0,0,273259,129987
ONMOBILE,2020-06-29 09:07:52,29.15,700,18036,6082
INFY,2020-06-29 09:07:50,735.4,53880,132932,93009
SOTL,2020-06-29 09:07:51,675.0,1,252,3187
INDIANCARD,2020-06-29 09:07:53,91.0,100,579,4249
APEX,2020-06-29 09:07:52,255.0,4603,17033,16751
ENDURANCE,2020-06-29 09:07:51,880.0,104,3463,2587
RAMKY,2020-06-29 09:07:50,35.6,20,16244,18138
BVCL,2020-06-29 09:07:51,13.5,50,960,0
VIVIMEDLAB,2020-06-29 09:07:54,13.45,800,10862,7578
RML,2020-06-29 09:07:54,228.1,27,3464,4320
BOMDYEING,2020-06-29 09:07:53,75.1,5663,194029,58260
RAJSREESUG,2020-06-29 09:07:53,16.05,700,6516,3500
HDFCBANK,2020-06-29 09:07:50,1037.0,102574,133331,131079
PRIMESECU,2020-06-29 09:07:51,47.6,1,8952,3797
BHEL,2020-06-29 09:07:53,36.2,141310,2054953,527754
HESTERBIO,2020-06-29 09:07:53,1230.0,0,1666,5110
NECLIFE,2020-06-29 09:07:51,23.05,4830,127532,43478
NHPC,2020-06-29 09:07:52,20.45,66768,859967,556358
INOXLEISUR,2020-06-29 09:07:50,240.1,1711,32667,30545
BAJAJFINSV,2020-06-29 09:07:50,5832.0,0,13522,5041
LAOPALA,2020-06-29 09:07:52,182.05,200,7883,7274
MAITHANALL,2020-06-29 09:07:53,422.2,530,11813,4325
MOREPENLAB,2020-06-29 09:07:54,25.0,14715,163964,59288
EXCELINDUS,2020-06-29 09:07:50,705.0,0,5103,6202
SOMANYCERA,2020-06-29 09:07:52,123.0,1025,20812,7714
ADANITRANS,2020-06-29 09:07:50,271.1,3757,69647,28039
AIONJSW,2020-06-29 09:07:49,14.05,13000,11839,26410
SPAL,2020-06-29 09:07:55,83.0,0,4135,7720
JOCIL,2020-06-29 09:07:52,158.0,30,2282,1780
INDUSINDBK,2020-06-29 09:07:50,482.0,0,505740,168965
SCI,2020-06-29 09:07:49,56.9,19003,369756,441857
LAURUSLABS,2020-06-29 09:07:53,530.0,1362,39475,3593226
AJMERA,2020-06-29 09:07:52,86.3,646,14800,7809
PLASTIBLEN,2020-06-29 09:07:52,169.0,400,9072,3729
VIPIND,2020-06-29 09:07:52,265.2,4036,42180,31030
DAMODARIND,2020-06-29 09:07:52,26.0,605,10579,11369
HITECH,2020-06-29 09:07:53,102.0,58,912,2026
TIIL,2020-06-29 09:07:54,251.1,1,2147,2727
AXISBANK,2020-06-29 09:07:50,415.0,0,384622,121545
GUFICBIO,2020-06-29 09:07:50,77.1,1090,16395,19016
PURVA,2020-06-29 09:07:52,41.5,848,23724,37449
UTTAMSUGAR,2020-06-29 09:07:54,77.7,50,11768,3761
JAYBARMARU,2020-06-29 09:07:54,202.1,50,3101,2040
BAJFINANCE,2020-06-29 09:07:50,2834.0,19321,131127,72650
UJJIVAN,2020-06-29 09:07:50,231.9,0,116762,28629
TALBROAUTO,2020-06-29 09:07:54,103.2,30,4999,8836
RKFORGE,2020-06-29 09:07:53,169.5,1236,12842,14560
ADFFOODS,2020-06-29 09:07:52,290.05,5,7067,1222
PITTIENG,2020-06-29 09:07:52,30.0,810,4506,9974
ORIENTHOT,2020-06-29 09:07:50,20.0,200,10772,5435
RBLBANK,2020-06-29 09:07:50,186.0,89944,489668,68781
MAHLIFE,2020-06-29 09:07:50,211.6,315,5452,18835
SEAMECLTD,2020-06-29 09:07:51,371.15,8,517,1802
TTKHLTCARE,2020-06-29 09:07:53,430.0,50,2061,1743
MAHEPC,2020-06-29 09:07:52,140.65,500,25413,9487
EVERESTIND,2020-06-29 09:07:52,211.25,500,21594,16685
STARCEMENT,2020-06-29 09:07:50,85.7,1453,34267,9852
DONEAR,2020-06-29 09:07:51,31.1,900,20931,12382
INFIBEAM,2020-06-29 09:07:51,64.05,3601,49727,24361
KAJARIACER,2020-06-29 09:07:54,391.0,697,17976,8424
GEOJITFSL,2020-06-29 09:07:50,34.5,5895,52348,37005
EKC,2020-06-29 09:07:50,18.7,400,27751,23231
MMP,2020-06-29 09:07:52,80.4,100,2378,896
KSL,2020-06-29 09:07:53,211.0,719,8459,2670
MANAKSIA,2020-06-29 09:07:52,37.0,100,1134,2731
DPSCLTD,2020-06-29 09:07:51,9.15,1000,57424,21808
VAISHALI,2020-06-29 09:07:55,45.55,0,4024,9437
ARVIND,2020-06-29 09:07:53,34.2,16494,283612,70693
KESORAMIND,2020-06-29 09:07:54,33.75,2813,37401,16722
DCMNVL,2020-06-29 09:07:50,26.6,6,1463,2824
V2RETAIL,2020-06-29 09:07:55,53.1,349,6409,9691
PIONEEREMB,2020-06-29 09:07:51,26.0,83,4424,16702
KIRLFER,2020-06-29 09:07:52,69.05,20,9104,11152
KCPSUGIND,2020-06-29 09:07:50,14.8,136,90326,29907
BEML,2020-06-29 09:07:53,627.05,3138,56780,9848
BANG,2020-06-29 09:07:51,20.8,25,700,3655
GREENPLY,2020-06-29 09:07:53,86.0,4305,39114,16410
GLOBALVECT,2020-06-29 09:07:50,57.1,7,8961,17889
IIFLSEC,2020-06-29 09:07:50,42.65,4516,364923,38024
FIEMIND,2020-06-29 09:07:50,368.0,862,5309,4981
JIYAECO,2020-06-29 09:07:51,11.05,900,16983,15415
SHOPERSTOP,2020-06-29 09:07:54,175.2,517,9277,5868
INSPIRISYS,2020-06-29 09:07:50,23.35,500,13530,11084
JUBLINDS,2020-06-29 09:07:53,107.0,50,2454,345
UMANGDAIRY,2020-06-29 09:07:53,51.1,624,8231,9677
MUNJALAU,2020-06-29 09:07:51,52.0,1250,34387,29535
MURUDCERA,2020-06-29 09:07:54,17.2,4500,23690,31067
MALUPAPER,2020-06-29 09:07:51,32.7,3001,34236,20720
MSTCLTD,2020-06-29 09:07:50,129.0,1400,13897,6654
VASCONEQ,2020-06-29 09:07:55,9.9,0,17605,73822
BILENERGY,2020-06-29 09:07:52,1.4,129370,662000,0
NDGL,2020-06-29 09:07:53,514.0,20,10,310
PENIND,2020-06-29 09:07:53,19.1,620,28867,11813
PATELENG,2020-06-29 09:07:51,15.0,8161,89005,35560
LGBBROSLTD,2020-06-29 09:07:53,218.6,60,6064,4606
CELEBRITY,2020-06-29 09:07:51,5.3,9992,4725,8271
WEBELSOLAR,2020-06-29 09:07:54,23.65,10000,21360,13176
ORIENTPPR,2020-06-29 09:07:54,21.0,0,386961,75520
ASHIMASYN,2020-06-29 09:07:53,6.55,400,17040,22399
JINDALSAW,2020-06-29 09:07:49,58.9,31036,234338,118380
GREENPOWER,2020-06-29 09:07:51,2.6,139896,767153,120196
MUNJALSHOW,2020-06-29 09:07:54,98.55,200,2582,1528
WALCHANNAG,2020-06-29 09:07:52,49.0,2549,22334,12676
BANARBEADS,2020-06-29 09:07:53,38.85,100,17006,9226
ALICON,2020-06-29 09:07:51,249.85,11,2876,2420
SOUTHBANK,2020-06-29 09:07:53,8.5,482054,3318930,1472034
AGRITECH,2020-06-29 09:07:50,34.55,70,4389,2135
KOTHARIPRO,2020-06-29 09:07:50,64.0,27,1040,4832
PRAKASH,2020-06-29 09:07:49,35.0,10705,32790,20691
BHAGYANGR,2020-06-29 09:07:52,18.35,1100,5361,2172
TVSELECT,2020-06-29 09:07:54,100.6,500,2156,776
GTPL,2020-06-29 09:07:51,65.1,544,14324,2671
DTIL,2020-06-29 09:07:50,170.0,116,3952,1200
RUBYMILLS,2020-06-29 09:07:51,157.05,1,1607,394
INOXWIND,2020-06-29 09:07:53,39.05,0,14720,6009
DIGISPICE,2020-06-29 09:07:55,7.8,0,2907,3513
VIKASECO,2020-06-29 09:07:51,4.45,6920,100845,48442
VIKASWSP,2020-06-29 09:07:52,6.65,51652,62780,64569
PSB,2020-06-29 09:07:53,16.4,36642,171078,30015
CENTEXT,2020-06-29 09:07:50,5.45,12238,253982,0
ARMANFIN,2020-06-29 09:07:51,463.55,1418,789,457
POKARNA,2020-06-29 09:07:53,108.5,11097,5438,8049
SUNTV,2020-06-29 09:07:50,402.1,0,84049,30979
SHRIRAMEPC,2020-06-29 09:07:55,5.25,4461,309861,0
BCG,2020-06-29 09:07:50,9.45,74340,2436448,0
SUPERSPIN,2020-06-29 09:07:53,5.2,3310,83341,0
ALCHEM,2020-06-29 09:07:51,5.2,28983,89927,0
NAHARPOLY,2020-06-29 09:07:52,68.55,6200,21335,6278
MUKANDLTD,2020-06-29 09:07:51,23.7,2000,825,1100
MCLEODRUSS,2020-06-29 09:07:51,8.2,5941,298829,0
DISHTV,2020-06-29 09:07:51,8.15,284347,7171375,0
JBFIND,2020-06-29 09:07:50,12.0,8575,1551,36057
GOKULAGRO,2020-06-29 09:07:51,14.95,16,6057,0
GOLDENTOBC,2020-06-29 09:07:52,25.85,500,800,454
SIRCA,2020-06-29 09:07:53,235.0,982,6623,5338
MORARJEE,2020-06-29 09:07:54,12.85,500,2542,0
BAGFILMS,2020-06-29 09:07:51,2.95,8820,32890,0
MAWANASUG,2020-06-29 09:07:52,31.15,4805,2485,3730
SICAL,2020-06-29 09:07:53,11.65,32801,216867,0
CMICABLES,2020-06-29 09:07:52,36.85,1498,31205,0
JAIBALAJI,2020-06-29 09:07:51,22.25,1601,1299,0
LASA,2020-06-29 09:07:53,45.15,2189,69988,0
ARIES,2020-06-29 09:07:51,70.05,12594,28634,0
SDBL,2020-06-29 09:07:51,79.4,4528,6631,0
HIRECT,2020-06-29 09:07:51,125.1,988,24896,0
MITTAL,2020-06-29 09:07:53,137.2,60,358205,0
ADANIGREEN,2020-06-29 09:07:54,377.7,0,921043,0
ATLASCYCLE,2020-06-29 09:07:50,39.0,84,9676,0
PPL,2020-06-29 09:07:50,56.05,23000,18667,8
PRESSMN,2020-06-29 09:07:51,20.55,1776,16649,15513
ZENITHBIR,2020-06-29 09:07:54,0.9,2115,413976,0
ITDCEM,2020-06-29 09:07:50,52.5,0,83958,21470
NAHARINDUS,2020-06-29 09:07:51,26.35,175,1385,5781
BANSWRAS,2020-06-29 09:07:51,82.5,1338,3505,388
GALLISPAT,2020-06-29 09:07:51,28.25,2750,32032,9513
PRECOT,2020-06-29 09:07:49,23.2,350,250,887
BLS,2020-06-29 09:07:51,62.1,10448,28549,8446
RUPA,2020-06-29 09:07:51,170.0,6503,14473,26770
IMPEXFERRO,2020-06-29 09:07:50,0.45,1000,6361,51999
SUJANAUNI,2020-06-29 09:07:55,0.3,12225,332701,0
